3104 5198
348 376 409 433 232

349 542 508 603 admodum
533 543 688 621 potuerint
710 547 828 616 matres,
850 562 936 620 quae,
960 547 992 603 ut
1015 542 1129 620 opinor,
1153 542 1322 619 Vinerunt,
1345 544 1372 603 in
1395 542 1472 602 duas

348 649 452 720 partes
475 645 644 705 discedere:
668 663 774 723 nempe
797 651 878 705 totns
900 646 1022 722 chorus,
1045 646 1095 722 qui
1119 664 1174 722 pro
1198 646 1340 705 matribus
1363 646 1472 721 accipi·

348 747 443 806 endas
466 753 540 821 erat,
562 748 591 807 in
615 748 799 808 hemichoria
822 748 935 808 divisus
958 751 1012 807 est.

436 867 496 926 lam
521 868 576 925 hac
599 886 632 926 re
656 867 808 927 intellecta
831 886 950 927 carmen
974 865 1047 925 illud
1073 866 1264 926 amoebaeum
1282 859 1472 944 (1123sqo)

347 969 496 1045 quomodo
520 976 669 1029 cantatum
694 970 732 1028 sit
755 969 888 1047 quidque
904 970 989 1029 simul
1005 970 1034 1028 in
1051 987 1160 1029 scaena
1175 976 1283 1044 aetram,
1305 968 1471 1028 videamus.

348 1071 391 1130 llo
422 1072 498 1130 enim
531 1072 559 1130 in
591 1072 657 1130 loco
687 1074 778 1132 totius
809 1074 993 1149 quaestionis
1023 1072 1114 1131 cardo
1144 1073 1280 1132 vertitur.
1330 1075 1363 1131 V.
1389 1075 1472 1131 1114

347 1173 475 1232 redeunt
498 1175 583 1250 pueri
608 1179 724 1250 patrum
750 1175 892 1251 reliquias
915 1176 1083 1234 afferentes.
1126 1176 1255 1237 Putandi
1279 1183 1377 1236 antem
1401 1181 1474 1234 suant

347 1277 455 1351 singuli
487 1277 619 1352 singulas
650 1278 808 1353 amphoras
839 1279 976 1337 manibus
1004 1282 1121 1352 tenero,
1154 1279 1232 1355 qnod
1264 1282 1402 1356 sequitur
1434 1298 1472 1338 ex

347 1379 457 1438 Thesei
481 1379 581 1439 verbis
605 1380 650 1439 lala
673 1376 872 1456 (1165sqq.):

500 1501 655 1594 Ἄδραστε
677 1511 734 1574 καὶ
757 1523 911 1594 γυναῖκες
924 1503 1062 1594 Ἀργεῖαι
1085 1512 1188 1595 γένος,

502 1613 602 1699 ὁρᾶτε
626 1614 747 1690 παῖδας
768 1605 885 1679 τούσδ’
908 1611 1045 1696 ἔχοντας
1067 1612 1103 1677 ἐν
1123 1626 1237 1697 χεροῖν

500 1716 658 1800 πατέρων
680 1706 827 1801 ἀρίστων
848 1708 981 1800 σώμαθ’
1004 1703 1052 1780 ὧν
1074 1713 1261 1802 ἀνειλόμην.

349 1863 439 1920 Errat
470 1863 545 1921 onim
578 1860 753 1921 Arnoldtius
783 1855 814 1933 (1.
831 1879 855 1919 c.
879 1879 905 1936 p.
923 1864 983 1921 266
998 1858 1090 1936 sqq),
1119 1880 1185 1919 cum
1218 1867 1308 1937 neget
1339 1861 1475 1938 Capanei

349 1965 465 2022 ciueres
488 1983 505 2022 a
529 1982 624 2040 puero
647 1965 676 2023 in
699 1981 837 2022 scaenam
862 1962 979 2037 referri,
1002 1983 1069 2022 nam
1094 1965 1164 2040 quia
1188 1963 1251 2023 eius
1274 1983 1385 2041 corpus
1410 1983 1471 2022 non

349 2073 435 2126 extra
451 2083 589 2125 scaenam
607 2073 768 2126 cremat-nm
787 2068 832 2141 sit,
848 2065 899 2125 sed
917 2084 1010 2142 prope
1026 2067 1178 2143 templum,
1195 2085 1231 2125 ne
1247 2085 1335 2143 posse
1349 2066 1472 2143 quidem

349 2170 464 2227 cineres
496 2170 559 2227 eius
590 2188 608 2226 a
638 2187 730 2244 puero
763 2167 869 2227 allatos
899 2186 973 2228 esse.
1017 2169 1093 2228 Nam
1123 2187 1159 2227 ex
1191 2169 1273 2227 chori
1305 2169 1380 2242 (980
1392 2166 1472 2245 sqq.)

349 2271 448 2330 verbis
471 2273 617 2347 sequitur,
640 2271 770 2345 Capanei
793 2289 911 2347 qnoque
936 2289 1045 2347 corpus
1067 2272 1096 2329 in
1114 2270 1201 2331 domo
1220 2272 1319 2346 aliqua
1335 2273 1474 2347 cremari,

349 2371 428 2448 quod
451 2373 496 2431 vel
520 2391 555 2432 eo
579 2373 720 2443 firmatur,
744 2373 823 2448 qnod
839 2373 966 2432 Euadne
988 2375 1017 2432 iu
1040 2376 1138 2449 ignem
1163 2373 1268 2433 desilit.
1284 2408 1324 2417 —
1341 2376 1401 2432 lam
1426 2375 1473 2432 in·

349 2475 421 2551 cipit
455 2480 562 2534 cantus
595 2476 780 2536 amoebaeus.
839 2475 884 2534 Ac
918 2475 1189 2548 Wilamowiiains¹l
1223 2476 1341 2552 quidem
1376 2482 1474 2554 putat,

350 2577 470 2637 omnino
494 2597 582 2637 unum
607 2582 721 2637 tantum
746 2597 870 2654 puerum
896 2583 1041 2638 cantasse.
1085 2579 1151 2639 Hoc
1172 2579 1196 2638 si
1219 2598 1322 2638 verum
1347 2588 1399 2654 est,
1422 2580 1474 2639 ille

349 2698 427 2739 nnus
450 2687 531 2740 certe
555 2685 587 2739 ut
609 2681 739 2740 omnium
763 2682 893 2742 vicanus
909 2700 1019 2741 canere
1034 2680 1214 2758 cogitandus
1229 2685 1285 2752 est;
1311 2700 1376 2739 nam
1393 2700 1472 2757 quiae

349 2786 458 2842 matres
480 2787 594 2842 canunt
617 2783 687 2841 talia
709 2789 786 2854 sunt,
811 2788 843 2843 ut
866 2785 1005 2842 universo
1029 2789 1142 2843 tantum
1167 2784 1259 2843 choro
1281 2785 1470 2852 conveniant,

350 2904 409 2945 non
433 2885 571 2961 singulis;
594 2886 635 2944 ita
658 2904 782 2945 omnes
806 2904 926 2962 quoque
942 2905 1052 2963 pueros
1074 2905 1197 2946 necesse
1212 2890 1258 2946 est
1272 2887 1471 2963 alloquantur.

348 2987 498 3064 Loquitur
528 2989 604 3046 euim
636 2987 745 3047 chorus
775 2987 812 3046 de
842 3007 875 3047 se
905 3006 960 3065 per·
990 3006 1144 3047 numerum
1175 2988 1357 3064 singularem
1388 3007 1473 3047 more

349 3090 497 3165 sollemni,
529 3094 626 3150 tamen
657 3099 690 3149 111
719 3090 866 3150 interdum
895 3090 1041 3168 pluralem
1065 3092 1227 3149 immisceat
1249 3091 1387 3157 (famulas
1410 3110 1471 3150 non

348 3199 504 3268 separatas
536 3211 644 3252 canere
674 3211 765 3270 supra
795 3189 942 3263 vidimus).
996 3193 1083 3252 Unde
1112 3197 1210 3252 autem
1241 3193 1298 3252 lroc
1329 3195 1471 3268 cognosci

348 3298 451 3373 possit,
474 3315 563 3355 unum
588 3300 701 3356 tantum
726 3315 848 3373 puerum
874 3298 1026 3369 cecinisse,
1049 3315 1108 3355 non
1132 3314 1243 3372 omnes,
1266 3295 1410 3374 siquidem
1434 3316 1472 3356 ex

349 3417 473 3460 numero
507 3400 650 3475 singulari
686 3392 802 3476 (φέρω,
835 3393 927 3476 φέρω
961 3397 1049 3474 κτλ),
1083 3417 1143 3475 quo
1173 3398 1256 3457 chori
1286 3399 1472 3459 sollemniter

349 3506 483 3577 utuntur,
505 3501 577 3559 nihil
598 3500 737 3560 concludi
761 3501 878 3577 potest?
922 3502 1014 3559 Immo
1039 3519 1104 3560 cum
1128 3518 1231 3559 omnes
1255 3506 1385 3559 matres
1409 3519 1473 3559 una

348 3622 422 3663 voce
438 3608 557 3680 canant,
580 3602 747 3662 condicioni
766 3603 834 3661 milri
853 3603 978 3662 maxime
1001 3602 1163 3662 convenite
1187 3601 1315 3675 videtur,
1338 3621 1472 3678 pueros

349 3724 471 3783 quoque
493 3706 581 3765 simul
604 3723 706 3766 omnes
730 3723 848 3765 canere.
885 3705 959 3778 Quis
982 3706 1058 3764 enim
1082 3724 1142 3764 non
1159 3705 1239 3765 videt
1256 3705 1326 3764 illud
1343 3710 1470 3764 matrum

347 3802 574 3889 κρῖ-φέρεις,
597 3807 678 3884 qnod
700 3808 803 3868 dicunt
818 3826 882 3866 cum
899 3808 1021 3867 veniant
1037 3826 1138 3868 omnes
1155 3809 1240 3884 pueri
1258 3810 1394 3867 manibus
1411 3828 1472 3866 am·

349 3912 461 3987 phoras
484 3915 629 3986 tenentes,
651 3912 802 3986 respicere
825 3911 862 3969 ad
886 3929 1043 3986 puerorum
1068 3910 1140 3968 illud
1165 3904 1257 3987 φέρω
1273 3903 1366 3986 φέρω
1383 3908 1471 3969 xri?

349 4013 423 4073 Inde
456 4012 534 4072 effici
573 4014 641 4073 milri
676 4014 805 4085 videtur,
843 4030 954 4089 pueros
988 4030 1091 4072 omncs
1125 4013 1269 4071 cecinisse
1304 4013 1473 4072 coniunctis

349 4116 478 4177 vocibus.
522 4114 676 4192 Similiter,
707 4115 787 4192 quod
812 4116 1037 4176 1111111139
1070 4118 1195 4173 canant:
1227 4111 1371 4187 Βεβᾶσιν
1399 4113 1472 4173 κτλ.

435 4351 456 4417 ¹)
475 4349 566 4404 Herm.
581 4347 683 4415 XVIII,
701 4365 729 4418 p.
742 4353 800 4402 1111.
