3104 5198
330 383 391 440 294

330 553 493 607 mutuatum
526 564 607 626 esse,
640 549 751 626 quippe
782 548 832 626 qui
862 546 981 607 omnino
1011 565 1085 608 sane
1116 548 1267 608 sollertem
1298 566 1455 608 musarum

329 650 491 711 sorensium
509 651 683 712 imitatorem
701 668 733 711 se
749 648 950 728 praestaretll
967 680 1008 689 -
1025 651 1084 710 Iam
1108 649 1153 709 his
1176 651 1266 710 rebus
1289 653 1455 727 perspectis

330 754 401 812 satis
417 752 574 829 probatum
590 753 660 812 mihi
677 753 805 829 videtur,
827 770 987 830 puerorum
1005 753 1034 812 in
1058 770 1169 813 scaena
1190 757 1300 829 partes,
1323 771 1451 830 quarum

328 856 386 914 vim
418 859 448 915 et
477 861 612 915 naturam
648 874 745 915 novae
779 855 857 915 illius
881 856 1061 931 Euripideae
1094 856 1167 914 artis
1200 854 1291 914 indoli
1316 856 1450 932 apprime

329 956 488 1017 convenire
520 957 752 1036 ostenderimus,
782 975 888 1017 revera
912 957 1047 1033 Euripidi
1081 958 1135 1034 ipsi
1166 956 1276 1018 deberi.
1327 957 1454 1017 Accedit

327 1058 409 1137 quod
433 1059 482 1119 ille
503 1059 669 1136 largissime
693 1061 794 1137 pueris
811 1078 884 1120 usus
907 1063 960 1136 est,
982 1064 1013 1120 et
1029 1063 1142 1120 aetates
1157 1061 1256 1136 poesis
1272 1060 1453 1137 Euripideae

328 1166 501 1239 congruunt
535 1182 601 1221 cum
633 1163 668 1222 iis
697 1163 859 1239 aetatibus,
897 1181 972 1240 quas
1001 1163 1030 1222 iu
1063 1181 1117 1222 osu
1147 1181 1308 1240 puerorum
1333 1164 1452 1223 omuino

328 1264 557 1342 distinguendas
587 1267 754 1326 statuimus.
781 1265 902 1324 —Vel
933 1264 1003 1324 iude
1033 1283 1066 1325 re
1094 1283 1153 1325 non
1177 1265 1331 1341 explorata
1354 1265 1453 1342 colligi

328 1371 428 1444 potest
451 1368 641 1444 Aeschylum,
672 1374 704 1428 ut
734 1369 784 1445 qui
816 1367 878 1427 lere
909 1368 1074 1427 contrarias
1104 1372 1281 1443 sequeretur
1311 1369 1453 1445 rationes,

328 1488 386 1530 non
411 1469 566 1530 admisisse
589 1488 701 1547 pueros
723 1471 846 1530 scaenis.
890 1470 955 1529 Hac
978 1469 1042 1546 ipsa
1065 1468 1103 1529 de
1126 1487 1226 1546 cansa,
1249 1475 1282 1529 ut
1304 1470 1452 1530 Robertus

329 1591 374 1632 me
386 1572 496 1642 docuit,
513 1575 618 1632 eontra
630 1572 750 1632 fabulae
763 1573 933 1632 memoriam
950 1572 980 1631 in
994 1573 1217 1648 Agamemnone
1230 1564 1291 1643 (vv.
1301 1575 1362 1633 877
1375 1575 1450 1649 sqq.)

328 1673 464 1734 Orestem
482 1674 639 1750 parvolum
656 1694 674 1734 a
690 1675 908 1752 Clytaemestra
924 1676 952 1733 iu
969 1674 1103 1733 Phocida
1125 1675 1246 1734 missum
1271 1692 1334 1735 esse
1357 1673 1452 1751 finxit,

328 1777 473 1853 quamvis,
495 1777 520 1835 si
544 1795 609 1837 eum
633 1776 808 1851 induxisset,
838 1777 960 1852 egregia
982 1774 1020 1835 ad
1045 1776 1176 1836 futurum
1200 1776 1264 1836 eius
1287 1776 1450 1836 ulciscendi

327 1877 458 1939 cilicium
492 1879 672 1955 respiciendi
702 1880 820 1940 occasio
851 1897 883 1938 se
916 1878 1081 1938 obtulisset.
1133 1877 1310 1954 Sophoclem
1341 1884 1451 1950 autem,

327 1999 414 2057 quem
446 1999 551 2042 securo
583 1982 678 2058 magis
709 1988 737 2042 et
767 1981 852 2041 hilari
875 1981 973 2041 auimo
997 1980 1090 2040 luisse
1114 1986 1260 2057 putamus,
1291 1999 1349 2040 nou
1373 1981 1450 2040 adeo

328 2084 413 2143 noris
450 2084 530 2144 illius
561 2085 669 2143 aetatis
703 2083 873 2143 turbinibus
907 2089 1076 2160 correptum
1110 2089 1350 2160 commotumque
1384 2101 1449 2143 esse

327 2190 559 2246 consentaneum
591 2191 651 2257 est,
682 2190 713 2246 ot
744 2190 836 2245 artem
869 2204 950 2246 suam
975 2186 1066 2262 plane
1088 2184 1126 2245 ad
1149 2187 1214 2245 eius
1236 2184 1377 2245 iudicium
1401 2203 1448 2244 ac-

326 2288 540 2348 commodatam
572 2287 806 2348 transformaret.
851 2289 964 2366 ltaque,
993 2293 1027 2347 ut
1055 2289 1085 2347 in
1115 2287 1180 2347 aliis
1208 2305 1328 2364 quoque
1358 2287 1449 2347 rebus

325 2389 500 2468 Euripidem
531 2391 663 2450 imitatus
693 2397 747 2467 est,
775 2390 832 2450 hoc
861 2389 1016 2450 artificium
1047 2408 1106 2449 nou
1139 2391 1229 2467 plane
1259 2389 1450 2466 contempsit,

326 2492 378 2551 sed
409 2491 525 2552 modice
555 2498 654 2552 tamen
684 2493 746 2552 suis
775 2491 883 2552 sabulis
912 2491 1056 2553 adhibuit
1099 2493 1162 2551 Iam
1193 2493 1218 2550 si
1248 2492 1304 2552 hoc
1326 2491 1448 2551 demon·

325 2599 449 2653 stratum
473 2598 527 2665 est,
549 2611 600 2653 eas
615 2593 733 2654 tabulas
748 2593 937 2670 Sophocleas,
960 2612 1038 2671 quae
1053 2611 1215 2671 puerorum
1239 2596 1339 2668 partes
1361 2611 1448 2670 prae·

325 2695 404 2772 bent,
426 2703 496 2773 post
517 2714 626 2756 anuum
643 2699 705 2759 438
726 2697 830 2756 doctas
854 2715 918 2756 esse
941 2701 1076 2774 apparet,
1098 2715 1158 2773 quo
1181 2696 1243 2756 iere
1266 2715 1345 2756 anuo
1362 2697 1447 2756 Euri·

324 2797 422 2874 pidem
446 2798 556 2875 primos
579 2817 689 2876 pueros
711 2798 865 2859 induxisse
889 2798 1024 2859 vidimus.

412 2902 498 2962 Unde
528 2921 690 2978 puerorum
721 2903 751 2961 iu
781 2901 936 2962 comoedia
965 2905 1066 2977 partes
1093 2901 1246 2978 profectae
1276 2902 1349 2978 siut,
1385 2921 1445 2961 non

324 3016 384 3070 tam
408 3010 494 3069 facile
517 3011 647 3087 perspici
671 3013 779 3087 potest,
801 3011 942 3087 quoniam
965 3016 1034 3070 ante
1058 3026 1167 3068 aunum
1191 3011 1253 3069 425
1277 3009 1447 3069 testimonia

325 3132 384 3173 nou
407 3113 561 3173 habemus.
606 3115 719 3173 Tamen
752 3115 808 3173 hoc
831 3113 917 3172 velim
941 3111 1091 3189 respicias,
1117 3110 1222 3171 iisdem
1253 3111 1447 3188 temporibus,

324 3217 433 3292 quibus
456 3216 536 3292 apud
559 3215 743 3293 Euripidem,
776 3217 806 3275 iu
839 3215 991 3275 comoedia
1019 3212 1138 3292 quoque
1161 3233 1271 3291 pueros
1293 3216 1323 3275 in
1346 3215 1446 3292 gratia

324 3319 490 3378 ethonore
514 3337 591 3392 ease,
614 3319 718 3379 iisdem
742 3337 850 3379 scaena
872 3321 982 3388 arceri;
1006 3327 1166 3397 praeterea
1187 3321 1310 3381 eandem
1335 3339 1446 3397 pueros

323 3421 486 3481 inducendi
505 3423 648 3482 rationem
673 3441 761 3499 quam
777 3423 807 3481 in
825 3423 980 3499 tragoedia
1003 3442 1248 3499 cognoveramus,
1271 3443 1310 3483 sc.
1334 3423 1443 3484 miseri·

324 3523 444 3583 cordiae
468 3524 642 3601 movendae,
667 3526 754 3585 etiam
778 3527 1007 3603 Aristophanem
1031 3545 1085 3586 suo
1108 3546 1190 3587 more
1214 3527 1307 3604 sequi,
1336 3546 1445 3604 nempe

324 3631 356 3686 ut
378 3645 488 3703 pucros
519 3628 647 3705 tragicos
670 3627 778 3694 rideat;
811 3629 941 3706 denique
963 3630 1192 3706 Aristophanem
1220 3648 1300 3689 anno
1324 3629 1443 3690 demum

323 3732 393 3805 427,
424 3749 482 3806 qno
511 3734 645 3806 tempore
676 3731 704 3790 iu
729 3732 844 3809 tragica
865 3749 975 3791 scaeua
997 3733 1053 3791 iam
1080 3732 1129 3791 diu
1159 3751 1318 3809 puerorum
1343 3737 1444 3808 partes

322 3832 473 3908 vigebant,
496 3835 629 3909 coepisse
653 3834 821 3895 comoedias
844 3834 984 3894 scribere.
1029 3836 1113 3909 Quae
1137 3854 1203 3895 cum
1227 3837 1269 3896 ita
1290 3835 1358 3908 siut,
1382 3857 1441 3896 uon

321 3935 421 4010 inepte
460 3935 680 4013 suspicabimur
723 3937 789 3998 illos
824 3938 951 3998 comicos
982 3957 1093 4015 pueros
1124 3957 1160 3998 ex
1192 3957 1275 3999 mera
1309 3940 1442 4015 tragicae

322 4056 449 4099 scaenae
471 4041 634 4100 imitatione
656 4039 809 4117 profectos
832 4058 904 4100 esse.

407 4205 425 4270 1)
445 4203 574 4258 Similiter
590 4220 647 4259 rem
659 4205 789 4272 exposuit
801 4203 831 4259 0.
844 4204 965 4271 hlucller,
984 4204 1055 4260 Hist.
1068 4205 1131 4260 Litt.
1145 4205 1177 4274 1⁴,
1189 4220 1216 4273 p.
1229 4209 1287 4260 593.
