3104 5198
1275 495 1335 552 251

217 659 257 716 sit
280 657 464 717 collocanda.
508 659 580 719 Cum
604 678 664 735 quo
687 664 821 736 tempore
844 661 901 719 hoc
924 679 1043 736 quoque
1066 661 1175 737 optime
1192 663 1339 729 convenit,

217 759 296 835 quod
328 759 408 837 apud
436 761 607 838 Euripidem
639 762 727 838 culpa
756 762 887 823 dirorum
918 763 1064 823 scelerum
1095 781 1199 839 parum
1231 763 1279 840 ple
1309 765 1338 822 iu

217 862 385 939 Apollinem
409 862 555 924 refertur:
579 863 611 923 cf
624 865 700 923 Eun.
716 865 772 941 frg.
787 865 815 924 1:

311 998 363 1058 Set
386 1018 432 1058 me
453 999 564 1077 Apollo
587 1001 669 1077 ipsus
693 1000 822 1060 delectat
845 991 967 1082 [laetat],
990 1001 1093 1062 ductat
1116 1002 1253 1062 Delficus.

221 1152 345 1212 Constat
369 1157 465 1213 autem
490 1155 610 1230 saepius
626 1154 797 1231 Euripidem
822 1156 969 1231 castigare
986 1156 1121 1233 Delphici
1138 1157 1250 1217 oraculi
1275 1176 1340 1233 por-

216 1253 332 1331 fidiam,
355 1256 426 1332 quia
451 1257 480 1315 in
507 1256 585 1316 bello
609 1256 863 1335 Peloponnesiaco
894 1277 912 1316 a
935 1259 1240 1319 Lacedaemoniorum
1271 1278 1338 1338 par-

217 1357 296 1416 tibus
319 1358 424 1417 stabat.
469 1359 524 1418 His
552 1359 687 1419 omuibus
717 1361 899 1436 argumentis
923 1362 1147 1439 comprehensis
1179 1381 1238 1422 uon
1261 1380 1338 1422 erra·

216 1466 299 1519 turos
334 1478 389 1520 uos
423 1460 553 1539 conlido,
590 1463 614 1520 si
643 1462 809 1539 Thyestem
839 1463 1031 1540 Euelpidoam
1065 1464 1119 1524 snb
1154 1465 1236 1524 initio
1271 1464 1339 1525 belli

216 1562 465 1639 Peloponnesiaci
498 1563 616 1623 doctam
647 1581 712 1624 esse
740 1569 914 1625 statuemus.
937 1595 975 1605 -·
1007 1565 1055 1625 Ad
1082 1564 1267 1645 Sophocleac
1297 1565 1339 1625 fa·

215 1663 305 1724 bulae
327 1669 445 1742 tempus
478 1665 679 1726 deliniendum
713 1666 794 1725 baud
821 1668 883 1728 scio
906 1687 943 1727 an
967 1667 1040 1727 illud
1063 1669 1206 1745 praebeat
1228 1687 1339 1741 ansam,

215 1766 295 1842 quod
328 1768 497 1846 Tantalum,
529 1769 680 1843 Thyestae
718 1768 810 1828 filium
842 1767 918 1842 (sive
953 1770 1035 1829 aliud
1064 1772 1091 1831 ei
1127 1789 1233 1831 nomon
1267 1777 1339 1846 crat,

215 1867 342 1929 sortasse
369 1870 472 1947 Aglai,
505 1871 669 1930 secundnm
693 1872 786 1930 schol.
809 1873 878 1932 Eur.
901 1872 951 1933 Or.
967 1876 1050 1949 812),
1073 1872 1340 1950 adulescentulum,

214 1991 275 2031 nou
300 1991 439 2049 puerum,
470 1972 600 2044 induxit,
630 1993 717 2050 quem
749 1992 833 2034 usum
861 1982 943 2034 certa
970 1976 1097 2052 quadam
1121 1981 1219 2035 aetate
1246 1973 1339 2049 (circa

215 2093 326 2134 aueum
340 2074 414 2148 420)
431 2076 562 2152 viguisse
578 2075 656 2135 iufra
672 2078 711 2151 (p.
724 2078 797 2142 288)
814 2076 1034 2137 demonstrabo.
1047 2108 1088 2116 -
1103 2079 1256 2138 Hactenus
1271 2096 1339 2156 pro·

214 2177 301 2254 gredi
325 2183 450 2237 conatus
476 2196 540 2237 sum
566 2179 594 2236 in
622 2178 726 2237 harem
754 2179 974 2255 tragoediarum
1002 2180 1147 2257 tenebris;
1170 2179 1207 2239 dc
1229 2181 1341 2257 pueris,

215 2296 343 2354 qnorum
368 2297 460 2338 causa
483 2280 557 2338 haec
580 2281 678 2339 omnia
701 2280 820 2339 molitus
836 2299 916 2356 aum,
940 2281 995 2340 hoc
1011 2280 1180 2341 addendum
1197 2288 1254 2342 est:
1279 2289 1340 2340 tres

214 2382 262 2454 (ut
288 2382 407 2441 uidetur
433 2382 595 2441 secuudum
626 2383 776 2459 antiquam
808 2381 1005 2460 memoriam),
1039 2403 1166 2460 cruorum
1195 2386 1340 2444 maximus

215 2485 296 2561 apud
314 2484 491 2562 Sophoclem
515 2486 569 2544 iam
593 2485 842 2546 adulescentulus
864 2485 960 2558 tuerit,
983 2489 1013 2546 iu
1030 2505 1168 2547 scaenam
1186 2487 1340 2564 prodiisse,

215 2592 330 2664 patrem
355 2605 391 2645 ex
416 2587 520 2647 exsilio
544 2587 718 2647 redeuutem
743 2588 935 2665 comitantes,
961 2588 1139 2666 Euripideos
1162 2607 1227 2648 cum
1252 2594 1338 2667 patre

214 2687 253 2746 ad
285 2707 365 2747 aram
396 2690 575 2749 consedisse.
620 2691 815 2765 Nominibus,
847 2709 925 2768 quae
948 2693 1035 2750 affert
1064 2691 1224 2751 scholiasta
1255 2691 1338 2750 Euri·

215 2790 338 2866 pidem,
372 2792 485 2867 pucri
520 2811 556 2851 ex
592 2810 646 2851 usu
681 2792 854 2869 tragoediae
876 2794 940 2852 sine
964 2793 1054 2853 dubio
1077 2799 1248 2854 caruerunt·
1292 2794 1338 2852 Ne

214 2894 309 2951 verba
331 2893 449 2970 quidem
474 2911 525 2953 eos
548 2892 652 2954 iecisse
676 2895 805 2954 arbitror
828 2894 960 2971 (praeter
982 2895 1239 2956 adulescentulum
1256 2893 1336 2972 apud

213 2996 326 3074 soph),
349 2997 420 3072 quia
443 3014 545 3056 eorum
569 2995 705 3057 condicio
722 3017 781 3058 non
797 3003 862 3058 erat
877 2998 955 3075 talis,
979 3003 1011 3058 ut
1026 3005 1145 3059 cantum
1163 2998 1336 3075 Euripidem

215 3100 278 3176 (qui
303 3100 386 3159 solus
409 3099 437 3158 id
462 3100 581 3159 omniuo
604 3118 696 3160 auses
719 3119 783 3160 esse
799 3099 930 3173 videtur)
952 3100 988 3160 iis
1012 3102 1149 3161 tribuisse
1172 3101 1338 3161 credamus.

214 3203 344 3262 Prorsus
367 3203 444 3260 enim
467 3206 537 3262 suut
559 3201 683 3278 periculi
709 3202 930 3279 necopinantes.

299 3321 478 3381 simillimam
506 3325 597 3397 atque
625 3321 655 3381 iu
678 3322 771 3381 Atreo
795 3322 945 3382 materiam
969 3322 1133 3400 Sophoclea
1163 3323 1337 3382 tractavisse

214 3424 332 3483 ridetur
369 3426 397 3483 iu
435 3420 547 3501 Tereo,
589 3425 674 3484 cuius
711 3423 832 3485 fabulae
870 3444 1015 3486 conexum
1054 3425 1177 3485 mirabili
1215 3426 1336 3501 ingenio

213 3527 393 3588 Welckerus
423 3531 580 3590 restituere
604 3535 730 3589 conatus
752 3535 813 3606 cst,
842 3531 1013 3607 suspicatus
1036 3531 1087 3589 illc
1109 3535 1140 3591 ot
1161 3530 1282 3590 Accium
1307 3536 1336 3589 et

213 3628 353 3690 Ovidium
388 3630 544 3707 Sophoclis
578 3631 704 3706 vestigia
738 3630 856 3708 legisse.
909 3630 1055 3709 lmprimis
1090 3630 1140 3691 ille
1174 3631 1337 3706 constituit,

213 3725 310 3810 (quod
333 3732 371 3792 ab
394 3733 530 3793 omnibus
553 3733 672 3810 probari
696 3732 845 3806 videtur),
868 3732 1047 3811 Sophoclem
1070 3732 1189 3794 fabulae
1211 3733 1337 3793 actionis

213 3838 332 3911 tompus
354 3838 489 3913 posuisse
512 3841 580 3914 post
595 3837 681 3896 Terei
704 3840 832 3895 taetrum
850 3835 976 3914 facinus,
997 3841 1067 3913 post
1081 3837 1170 3897 Terei
1187 3837 1334 3896 Philome-

214 3938 323 4015 laeque
357 3939 527 3999 adveutum.
586 3939 691 4015 ltaque
730 3944 937 4015 argumentum
975 3938 1096 3999 fabulae
1132 3938 1224 3999 fuisse
1260 3938 1333 3998 hoc:

213 4041 377 4118 Procuam,
407 4060 474 4100 cum
506 4043 596 4101 missa
618 4059 635 4100 a
658 4058 762 4101 sorore
785 4042 846 4101 tela
869 4043 1059 4120 cognovisset
1080 4060 1143 4101 eam
1167 4046 1282 4119 captam
1305 4047 1335 4101 et

212 4143 417 4204 absconditam
446 4145 475 4203 in
508 4142 610 4203 eadem
642 4144 729 4204 domo
758 4146 881 4222 morari,
911 4164 975 4205 eam
1005 4144 1195 4222 liberavisse,
1225 4143 1332 4204 deinde

213 4245 315 4305 ambas
338 4245 457 4306 foedum
482 4246 553 4306 illud
576 4247 756 4324 supplicium
781 4246 818 4306 de
833 4247 930 4308 Tereo
954 4247 1124 4324 sumpsisse,
1147 4265 1249 4306 omnes
1272 4251 1333 4306 tres

212 4348 242 4407 in
273 4368 345 4409 aves
375 4367 440 4409 csse
473 4354 677 4410 commutatos.
729 4350 793 4410 Hoc
822 4368 942 4427 quoquc
974 4348 1154 4410 Ouidianum
1185 4349 1267 4422 (Met
1283 4348 1333 4426 Vl,

212 4448 356 4526 bSisq.):

263 4562 323 4602 nr..
333 4563 387 4603 ner.
401 4562 470 4602 1111.
1148 4567 1179 4616 17
