3104 5198
213 415 276 473 240

211 584 337 645 traditos
368 586 508 662 legimus,
538 604 639 645 earum
670 586 868 645 sermonibus.
912 587 952 646 rlt
982 605 1041 646 nou
1072 587 1142 646 licet
1171 586 1247 646 talia
1270 602 1346 643 cou-

213 686 336 748 cludero
366 688 421 746 nisi
444 706 482 746 cx
505 688 584 747 haud
606 688 751 765 ambiguis
774 693 879 766 poetae
902 688 1026 748 indiciis.
1070 689 1127 748 llio
1150 706 1224 748 vero
1249 686 1346 747 collo·

212 792 315 868 quium
347 791 437 868 plane
466 791 663 868 progrediens
687 791 842 869 habemus;
873 793 1004 852 comicus
1027 797 1138 868 autem,
1169 790 1293 852 simodo
1318 790 1346 848 ei

213 899 332 971 praesto
347 892 452 953 luisset
468 894 590 953 materia
606 893 685 953 talis:
701 899 813 970 septem
831 894 947 971 pacifici
964 894 1020 953 riri
1038 894 1155 969 filiolae,
1171 912 1208 956 ea
1224 892 1344 970 largius

214 1015 268 1074 pro
290 997 411 1073 ingenio
434 1014 489 1056 suo
513 1014 584 1056 usus
607 1002 693 1056 esset.
730 998 776 1068 At,
799 1003 832 1056 ut
854 999 1061 1074 quaestionem
1085 998 1246 1075 solvamus,
1272 1014 1343 1073 pro·

212 1098 406 1158 ficiscondum
437 1103 483 1158 est
511 1118 547 1158 ex
579 1118 614 1159 eo
645 1101 673 1158 iu
708 1098 766 1159 fine
796 1098 911 1159 fabulae
943 1101 1021 1173 loco,
1052 1100 1100 1160 ubi
1131 1104 1236 1176 aperto
1266 1098 1342 1159 duo

214 1202 310 1279 pueri,
332 1194 472 1260 Lamachi
496 1206 527 1261 et
542 1201 695 1279 Oleorrymi
719 1202 779 1278 lilii,
802 1202 985 1262 inducuntur
1008 1201 1103 1276 (1265
1117 1196 1204 1280 squ).
1229 1201 1341 1260 Verisi-

214 1303 364 1363 millimum
385 1303 462 1363 euim
479 1311 532 1380 est,
555 1303 674 1364 eosdem
692 1305 768 1364 duos
783 1323 893 1382 pueros
909 1306 1036 1381 primum
1051 1305 1184 1383 Tr·ygaei
1200 1305 1344 1381 filiarum,

214 1413 274 1466 tum
303 1407 446 1466 anaohi
478 1406 691 1482 Cleonymiquc
726 1406 852 1466 filiorum
885 1426 1029 1482 personas
1059 1408 1200 1484 gessisse,
1234 1409 1281 1466 ita
1311 1411 1344 1466 ut

213 1509 392 1569 scholiastae
422 1510 503 1568 illam
535 1514 635 1568 uotam
666 1509 719 1569 sibi
750 1515 830 1569 stare
860 1510 1023 1569 videamus.
1071 1511 1213 1570 Lamaclri
1246 1509 1342 1568 filium

214 1613 305 1671 multa
328 1617 482 1673 canentem
506 1612 655 1673 audimus:
688 1614 788 1689 itaque
811 1632 869 1672 uon
893 1612 996 1673 dubito
1031 1613 1125 1673 eidem
1156 1632 1267 1690 puero,
1291 1613 1344 1688 qui

214 1715 293 1775 hunc
316 1716 422 1792 egerit,
458 1718 489 1774 ut
511 1716 684 1791 sollertiori,
718 1721 835 1774 cantum
869 1714 951 1774 illum
983 1715 1100 1792 puellae
1131 1706 1345 1789 (114—118)

214 1817 360 1894 tribuero,
389 1817 438 1895 qui
472 1818 560 1876 unius
586 1824 703 1877 tanturn
726 1820 769 1877 ori
793 1818 953 1877 convenire
976 1815 1134 1889 videtur.¹)
1179 1815 1272 1891 Quod
1296 1834 1345 1875 sc·

213 1921 314 1996 quitur
337 1920 517 1996 colloquium
547 1919 623 1978 idem
653 1927 732 1979 certe
755 1939 831 1997 puer
854 1938 919 1979 curn
943 1925 1027 1996 patre
1051 1920 1165 1996 lrabuit,
1196 1919 1347 1996 quonism

213 2041 304 2082 uuum
332 2026 446 2081 tautum
474 2041 540 2082 curu
564 2023 613 2081 illo
637 2023 822 2082 confabulari
847 2041 882 2082 ex
907 2023 1004 2081 causis
1026 2041 1118 2098 supra
1141 2022 1241 2081 allatis
1273 2039 1349 2080 con·

214 2130 390 2184 soutaueum
414 2129 468 2184 est.

298 2229 402 2287 Restat
436 2234 469 2286 ut
499 2227 536 2285 de
564 2221 745 2304 Maiestate,
784 2229 813 2287 iu
844 2246 904 2304 qua
936 2226 1072 2288 Cinesiue
1102 2231 1132 2287 ot
1165 2226 1352 2304 llyrrlriuae

213 2330 322 2390 filiolus
343 2330 494 2389 inducitur
516 2328 720 2407 (sta—968),
744 2349 841 2406 pauca
863 2331 1005 2389 dicamus.
1051 2332 1110 2404 Qui
1133 2338 1214 2390 corte
1240 2329 1353 2389 inians

213 2432 350 2493 minimae
380 2433 485 2493 aetatis
516 2441 561 2492 est
592 2433 784 2509 cogitandus,
816 2438 919 2510 aperto
947 2435 1024 2492 enim
1049 2421 1179 2512 ἄθηλος
1202 2437 1355 2509 vocatur,

211 2538 327 2597 lacteus
354 2538 443 2613 igitur
474 2545 519 2596 cst
549 2535 650 2610 (881);
681 2536 758 2597 adde
791 2538 869 2613 quod
902 2542 1007 2614 postea
1029 2556 1046 2595 a
1069 2556 1157 2595 servo
1189 2536 1355 2612 solentur,

211 2658 283 2700 sane
317 2642 368 2717 qui
398 2640 550 2700 ambulare
582 2639 713 2699 uoutluur
754 2641 856 2716 possit.
913 2642 1017 2717 ltaque
1050 2643 1167 2698 constat
1195 2639 1237 2698 de
1273 2657 1355 2698 roro

211 2743 325 2804 iuiaute
363 2744 411 2803 hic
445 2743 601 2804 dicendum
638 2763 695 2803 uou
731 2760 809 2809 essc;
846 2745 897 2802 secl
931 2743 1123 2801 simulacrum
1158 2749 1281 2803 tautum
1323 2745 1355 2800 iu

211 2865 349 2907 scaenam
374 2851 562 2924 apportatum
587 2853 632 2906 cst
654 2848 730 2905 sicut
746 2847 775 2905 in
795 2845 950 2923 lplrigcuia
968 2847 1033 2904 llul.
1050 2854 1115 2922 otc,
1138 2847 1184 2904 cui
1202 2846 1356 2921 opinioni

211 2950 355 3009 clamores
384 2950 507 3009 infautia
531 2969 588 3008 nou
614 2949 733 3008 obstant
757 2946 857 3022 (aruir
889 2949 1060 3024 qautenus
1086 2949 1220 3024 lucilius,
1253 2967 1356 3024 quam

212 3053 347 3112 histrioni
365 3053 452 3112 alicui
476 3053 534 3112 tria
557 3052 606 3111 illa
630 3052 722 3111 verba
745 3058 859 3112 mutata
881 3071 954 3110 voco
979 3051 1161 3127 proferenda
1183 3051 1359 3113 tribucre?

672 3321 875 3330 ——-

297 3565 359 3623 Iam
391 3564 501 3623 sabulis
529 3566 739 3640 superstitibus
763 3565 1172 3642 perlustratisquantumin
1199 3563 1358 3642 deperdi-

209 3675 305 3727 tarum
327 3668 458 3728 tcuebris
475 3669 645 3727 etiamuuuc
661 3670 801 3747 cognosci
819 3676 999 3743 nostraeque
1016 3667 1182 3743 quaestioni
1202 3667 1354 3730 adhiberi

209 3771 313 3848 possit,
336 3770 499 3831 videamus.

294 3874 339 3932 Ex
370 3873 589 3951 Aesclryleis
622 3892 710 3933 uuam
745 3878 858 3933 tautum
893 3873 988 3933 liabeo
1019 3872 1223 3949 tragoediam,
1261 3874 1355 3935 cuius

209 3977 286 4034 iuter
309 3994 455 4052 personas
478 3994 553 4052 puer
576 3976 638 4034 sive
661 3974 760 4035 infans
783 3974 874 4034 fuisse
897 3974 1048 4034 videatur:
1075 3967 1241 4050 Telephum
1270 3976 1355 4054 dico,

209 4079 237 4137 iu
271 4098 329 4155 qua
353 4079 531 4154 Aeschylum
563 4078 639 4138 idem
672 4078 753 4155 quod
778 4078 937 4155 Euripides
967 4079 997 4137 in
1021 4076 1153 4137 eiusdem
1177 4078 1262 4138 tituli
1289 4084 1352 4139 tra·

208 4180 318 4257 goedia
347 4189 553 4256 argumentum
583 4184 768 4258 expressisse
790 4181 986 4258 suspicamur.
1033 4181 1106 4240 Dico
1130 4184 1233 4241 uotam
1261 4183 1351 4241 illam

295 4394 317 4462 ¹)
336 4395 476 4449 Dissentit
494 4393 612 4463 Mallius,
632 4395 647 4450 l.
661 4411 683 4449 c.
702 4410 729 4462 p.
747 4399 803 4449 tlt.
