3104 5198
318 406 378 464 282

320 572 425 633 dentes
448 574 664 649 repraesentati
688 570 793 645 sunt¹)
808 603 851 613 —
873 573 914 633 At
932 574 955 633 si
972 575 1125 651 imagines,
1148 574 1256 651 quibus
1271 576 1356 651 pueri
1373 593 1441 634 oum

320 674 433 735 trachis
456 675 527 750 picti
550 671 656 750 aunt,²)
679 676 906 751 perlustramus,
928 695 988 735 uon
1009 676 1105 736 solum
1120 694 1230 753 pueros
1245 677 1373 737 minores
1389 676 1441 735 illo

319 777 387 836 lusu
418 778 461 836 uti
492 776 638 850 videmus,
671 775 724 838 sed
749 777 837 838 etiam
861 777 991 854 ephebos
1029 779 1092 839 sive
1118 778 1335 854 adulescentes,
1363 780 1442 838 sicut

319 879 503 955 Ganymedis
526 884 572 940 est
598 880 750 940 sollemnis
772 879 934 958 appendix.
977 880 1065 941 Adde
1087 880 1169 958 quod
1192 881 1299 943 Pollux
1322 881 1370 956 (X,
1387 879 1441 953 64)

319 982 441 1043 trochos
460 987 615 1042 enumerat
630 983 707 1043 inter
728 973 770 1041 τὰ
791 972 1009 1063 προσήκοντα
1027 978 1221 1061 γυμνασίοις
1240 973 1347 1063 σκεύη.
1379 984 1441 1043 Ita-

320 1104 387 1162 que,
402 1088 425 1146 si
443 1087 614 1146 coniectura
631 1091 733 1147 nostra
750 1092 876 1158 constat,
888 1106 948 1147 nau
963 1087 1112 1164 pusiones,
1128 1087 1180 1148 sed
1197 1089 1299 1165 paullo
1312 1088 1442 1147 maiores

320 1189 387 1249 illos
402 1186 527 1248 Medeae
550 1207 660 1266 pueros
681 1190 885 1266 cogitabimus.
922 1189 1010 1250 Adde
1032 1189 1112 1266 quod
1136 1190 1297 1266 Euripides
1319 1191 1355 1250 iis
1378 1208 1441 1249 ser·

321 1310 389 1350 vum
413 1292 560 1368 attribuit,
582 1291 632 1367 qui
656 1310 707 1352 eos
730 1309 848 1369 semper
871 1293 1005 1352 comitari
1028 1297 1119 1369 atquc
1141 1292 1292 1353 custodire
1308 1292 1440 1358 videtum

321 1392 458 1453 nimirum
489 1383 702 1471 παιδαγωγὸς
733 1398 778 1454 est
808 1394 1036 1472 intellegendus,
1068 1395 1149 1472 quod
1179 1399 1224 1455 est
1255 1412 1349 1471 genus
1379 1413 1441 1455 ser·

319 1514 423 1555 vorum
446 1514 563 1567 senum,
594 1496 704 1573 quibus
726 1495 833 1557 Graeci
857 1514 967 1574 pueros
995 1515 1060 1557 cum
1084 1499 1204 1558 omuino
1227 1497 1442 1558 custodiendos

321 1603 382 1658 tnm
416 1599 445 1657 in
480 1599 637 1675 gymnasia
672 1604 702 1659 et
737 1600 857 1659 scholas
890 1599 1044 1659 ducendos
1077 1600 1260 1660 committere
1293 1601 1443 1660 solebant

320 1701 394 1760 Inde
409 1702 545 1776 sequitur
560 1721 620 1761 nou
637 1701 855 1777 intellegendos
871 1719 935 1761 esse
951 1702 1105 1777 pusiones;
1128 1701 1248 1762 minima
1260 1703 1337 1762 euim
1349 1709 1444 1778 aetas,

321 1821 381 1879 qua
396 1803 482 1880 pueri
499 1803 682 1880 paedagogis
698 1804 904 1881 tradebantur,
916 1823 1013 1864 annus
1028 1806 1170 1880 septimus
1182 1804 1273 1864 luisse
1285 1802 1442 1872 videtur.³l

320 1907 381 1966 lam
405 1905 501 1966 oritur
525 1907 672 1983 quaestio,
695 1926 764 1967 num
788 1908 961 1984 ceteroquin
985 1906 1144 1985 Euripides
1165 1926 1276 1984 pueros
1299 1909 1325 1968 ei
1349 1908 1441 1968 aetati

321 2009 535 2068 convenienter
557 2027 589 2068 se
612 2015 752 2086 gerentes
774 2009 903 2086 finxerit,
927 2027 1014 2086 quam
1040 2027 1077 2069 ex
1100 2011 1145 2069 llis
1169 2011 1355 2087 argumentis
1370 2027 1442 2069 con·

321 2111 472 2170 clusimus.
516 2111 621 2188 ltaque
650 2113 776 2188 primum
807 2111 986 2172 mouendum
1017 2116 1061 2171 est
1091 2130 1142 2172 eos
1169 2131 1228 2172 nou
1257 2117 1289 2172 ut
1311 2111 1375 2172 fere
1398 2112 1442 2171 in·

322 2212 430 2291 lantes,
452 2214 573 2274 omnino
595 2214 710 2291 stultos,
733 2202 835 2292 νήπια
849 2207 959 2291 τέκνα,
982 2215 1082 2274 vocari
1105 2218 1197 2292 atque
1212 2214 1445 2292 repraesentari,

322 2317 374 2376 scd
400 2316 455 2376 lroc
479 2315 596 2393 dicitur,
619 2335 669 2377 eos
692 2336 759 2377 non
784 2335 911 2376 curare
936 2318 1039 2377 matris
1062 2316 1180 2378 dolores
1203 2313 1338 2392 (47]48);

479 2469 517 2478 -
538 2427 663 2516 μητρὸς
685 2422 786 2496 οὐδὲν
808 2427 1025 2514 ἐννοούμενοι
1050 2434 1176 2510 κακῶν,

476 2533 534 2597 νέα
556 2529 618 2617 γὰρ
641 2533 781 2617 φροντὶς
803 2523 867 2598 οὐκ
889 2523 1003 2616 ἀλγεῖν
1026 2537 1124 2614 φιλεῖ.

322 2658 381 2721 Sed
423 2661 509 2718 etiam
551 2677 659 2718 scaena
699 2659 763 2729 illa,
803 2677 863 2735 qua
903 2660 1005 2718 altimo
1038 2658 1145 2718 Medea
1181 2658 1292 2718 liberos
1332 2658 1445 2717 salutat

325 2781 455 2822 amorem
478 2780 563 2821 snum
587 2766 753 2822 maternum
776 2762 956 2838 opprimens,
979 2763 1020 2821 ita
1036 2761 1187 2837 descripta
1202 2765 1255 2836 est,
1277 2766 1385 2819 utnon
1401 2759 1446 2818 ita

322 2865 466 2942 parvulos
481 2865 620 2941 pusiones
636 2882 687 2924 eos
703 2863 797 2923 faisse
813 2865 984 2924 necessario
1001 2867 1148 2940 putemus,
1169 2862 1206 2922 cl.
1217 2881 1265 2921 vv.
1278 2865 1444 2938 1070sqqs

476 2969 547 3041 δότ’
563 2968 778 3042 ἀσπάσασθαι
798 2978 898 3062 μητρὶ
921 2974 1033 3059 δεξιὰν
1054 2977 1143 3060 χέρα.

477 3072 505 3144 ὦ
528 3076 672 3166 φιλτάτη
692 3080 773 3164 χείρ,
797 3081 962 3161 φίλτατον
983 3080 1020 3145 δέ
1040 3102 1097 3162 μοι
1118 3076 1206 3161 κάρα
1228 3082 1301 3142 κτλ.

323 3207 357 3266 In
388 3210 451 3265 toto
483 3205 539 3265 hoe
569 3206 635 3266 loco
666 3206 779 3267 nullum
802 3206 954 3266 invenitur
976 3205 1130 3276 indicium,
1163 3223 1200 3264 ex
1224 3222 1284 3281 quo
1307 3202 1443 3263 Medeam

323 3327 431 3387 pueros
461 3309 516 3368 sibi
546 3309 704 3368 sustulisse
732 3318 888 3384 appareat;
921 3308 992 3383 quin
1026 3307 1104 3383 inde,
1138 3306 1218 3382 quod
1253 3323 1305 3364 eos
1336 3322 1444 3364 manus

323 3413 479 3489 porrigere
501 3411 593 3486 iubet,
624 3411 759 3487 sequitur
781 3428 892 3487 pueros
916 3411 1040 3470 maiores
1064 3410 1168 3475 fuisse3
1198 3408 1342 3484 parvulos
1363 3408 1443 3466 enim

324 3515 423 3573 statim
457 3512 636 3573 sustulisset
691 3514 832 3573 Similiter
865 3513 913 3572 ille
948 3514 1032 3573 locus
1065 3510 1258 3587 accipiendas
1291 3514 1350 3586 est,
1382 3527 1445 3585 quo

324 3616 408 3693 pueri
432 3634 451 3673 a
471 3614 577 3675 Medea
600 3634 616 3674 e
639 3615 725 3674 domo
756 3619 912 3688 vocantur,
944 3621 978 3674 ut
1008 3619 1121 3691 patrem
1153 3611 1336 3673 blandiendo
1366 3630 1445 3670 com-

325 3723 465 3778 moveant
486 3717 561 3790 (894
574 3716 665 3795 sqq.);
700 3717 771 3777 dicit
801 3718 844 3795 iis,
872 3721 986 3793 patrem
1015 3718 1154 3787 salutent,
1184 3716 1348 3793 appellent,
1376 3733 1444 3791 pre-

324 3820 458 3881 hendant
488 3822 550 3879 eins
580 3821 730 3891 dextram,
764 3839 823 3896 quo
854 3820 917 3896 ipso
948 3821 1026 3880 iusso
1053 3837 1144 3896 sapor
1166 3818 1286 3895 quidam
1308 3824 1338 3877 et
1359 3816 1445 3875 intel-

410 4039 432 4100 1)
459 4052 482 4088 v.
507 4034 559 4088 Die
587 4033 700 4088 antikeu
727 4031 995 4102 Sarkophngreliel's,
1026 4033 1069 4087 sd.
1092 4031 1154 4086 Carl
1180 4030 1301 4100 Robert,
1334 4029 1391 4085 vol.
1409 4029 1444 4096 ll,

323 4119 379 4174 tab.
391 4119 594 4173 LXII-LXV.

409 4209 432 4272 ²)
457 4204 491 4259 cl.
510 4206 540 4260 0.
552 4204 637 4272 Jahn,
664 4204 725 4259 Ber.
751 4204 800 4259 der
824 4203 917 4258 Sitchs.
941 4203 1093 4259 Gcsellsclr.
1112 4202 1161 4257 der
1179 4200 1349 4257 Wtssensch.
1369 4205 1443 4268 1854,

324 4307 350 4359 p.
365 4295 413 4345 255
424 4307 466 4360 sq.

412 4377 435 4443 ³)
454 4373 488 4429 cl.
507 4374 579 4430 Plst.
598 4374 672 4444 legg.
685 4372 746 4441 VM,
764 4389 792 4442 p.
803 4373 895 4428 wad.
