3104 5198
1270 424 1331 482 223

211 602 241 655 et
271 597 437 656 Alcestidis.
493 598 722 672 Prosequuntur
751 614 817 654 cum
850 600 935 672 patre
966 599 1089 654 matrem
1120 593 1333 670 moribundam,

211 699 280 758 dum
316 719 331 758 o
365 699 451 759 domo
485 699 652 776 egreditur,
686 704 716 758 ut
739 717 878 775 supremo
902 697 1016 757 coelum
1040 697 1191 773 solemque
1222 697 1333 756 salutet

211 799 306 873 (233).
359 803 534 862 Nominibus
566 802 651 879 pueri
683 802 711 860 in
742 800 845 861 fabula
874 805 986 859 carent.
1037 798 1166 859 Putandi
1197 804 1268 859 snut
1294 799 1331 858 ad

212 906 319 963 leolum
344 907 445 964 matris
468 905 670 981 procumbere,
694 923 799 963 manus
822 902 847 962 ei
863 903 1051 980 protendere,
1074 903 1174 978 qualia
1189 903 1217 961 in
1234 921 1333 962 sarco·

213 1008 319 1084 plragis
353 1009 493 1066 Romanis
515 1008 584 1067 ficta
614 1006 756 1066 videmus.
800 1008 960 1083 Postquam
996 1006 1125 1065 Alcestis
1161 1024 1331 1081 supremum

212 1112 347 1186 spiritum
372 1110 491 1180 efflavit,
515 1128 591 1185 puer
614 1109 760 1169 cauticum
778 1108 892 1186 profert
907 1107 1009 1168 matris
1025 1114 1147 1167 mortem
1165 1108 1332 1184 deplorans.

214 1215 338 1272 Domum
363 1213 490 1272 redeunt
512 1213 613 1290 pueri,
645 1218 677 1270 ut
699 1212 818 1288 opinor,
850 1230 876 1268 v.
892 1214 970 1288 434,
999 1215 1181 1287 compatre.
1225 1212 1333 1270 Postea

212 1316 240 1374 iu
266 1317 370 1375 sunere
394 1316 498 1374 iterum
522 1333 572 1374 eos
595 1315 624 1373 in
649 1333 785 1373 scaenam
809 1312 956 1391 prodiisse
978 1312 1169 1373 statuendum
1193 1318 1246 1373 est.

299 1417 417 1476 Deinde
447 1418 475 1476 in
500 1410 605 1476 liedes
630 1415 778 1491 Euripidis
809 1414 951 1474 babemus
973 1414 1050 1474 duos
1073 1432 1198 1491 pueros,
1227 1414 1334 1474 filiolos

212 1521 335 1579 Medeae
367 1528 396 1579 et
422 1520 552 1593 Iasonis,
583 1520 630 1596 qui
662 1519 744 1578 initio
775 1517 896 1577 fabulae
920 1515 985 1591 (46)
1008 1536 1026 1576 a
1049 1517 1225 1595 paedagogo
1249 1516 1331 1578 ducti

212 1624 384 1695 adveniunt,
407 1629 439 1682 ut
454 1622 572 1681 videtur
588 1640 623 1680 cx
640 1622 806 1698 palaestra;
828 1622 857 1680 ἰιι
880 1639 989 1680 scaena
1013 1625 1168 1681 morantur
1185 1639 1279 1697 usque
1295 1621 1332 1680 ad

213 1746 240 1785 v.
253 1731 306 1793 95;
330 1733 390 1784 tum
408 1725 485 1784 enirn
501 1745 518 1784 a
535 1725 651 1784 nutrice
668 1725 697 1783 in
714 1724 831 1783 domum
849 1723 1014 1783 mittuntur.
1058 1724 1168 1783 Iterum
1187 1723 1335 1800 prodeunt

216 1850 233 1887 a
256 1835 349 1887 matre
371 1829 488 1888 evocati
513 1847 539 1887 r.
562 1830 637 1900 894,
671 1833 702 1885 ut
724 1833 839 1904 patrem
864 1826 1043 1886 salutatione
1066 1846 1101 1885 ac
1124 1826 1336 1887 blandimentis

215 1938 430 1990 couuuoveant.
483 1930 523 1990 Ab
553 1931 638 2007 pueri
671 1929 754 2005 muti,
783 1933 815 1987 ut
845 1929 965 1988 omnino
993 1927 1062 1987 dum
1087 1930 1116 1987 in
1140 1947 1247 1988 scaena
1269 1948 1336 1989 vor·

213 2039 327 2092 santur.
373 2035 530 2093 Mittuntur
548 2031 656 2092 deinde
672 2051 737 2091 cum
762 2032 847 2091 donis
870 2031 927 2090 illis
943 2031 1117 2109 perniciosis
1141 2030 1178 2091 ad
1200 2033 1337 2093 Creontis

215 2137 302 2195 liliam
327 2134 413 2207 (956)
435 2141 548 2213 patrem
566 2139 727 2211 soquentes
743 2133 793 2207 (cf.
809 2128 956 2212 v.1137);
981 2138 1014 2193 ui
1030 2135 1149 2194 omnino
1166 2136 1223 2195 hoc
1239 2140 1337 2212 potest

214 2240 381 2315 observarI,
410 2257 520 2316 pueros
552 2239 682 2315 tragicos
712 2238 809 2297 solere
838 2236 868 2295 in
891 2254 1029 2296 scaenam
1053 2237 1175 2314 prodire
1199 2239 1336 2298 nonnisi

214 2343 251 2402 ab
290 2341 399 2400 adultis
434 2340 600 2399 homiuibus
639 2339 807 2415 comitatus,
839 2339 885 2398 cui
917 2340 975 2415 legi
1007 2358 1098 2398 uuum
1126 2339 1207 2399 illum
1239 2340 1335 2399 locum

215 2445 303 2504 video
328 2445 518 2520 obstrepere,
540 2461 600 2519 quo
625 2442 730 2501 Medea
753 2442 861 2501 liberos
884 2442 1018 2501 insontes
1040 2442 1189 2518 aspiciens
1212 2440 1339 2501 diversis

216 2548 305 2604 animi
330 2545 455 2605 motibus
479 2545 662 2620 distrahitur,
685 2544 779 2603 donec
802 2544 897 2603 dirum
921 2545 1017 2603 scelus
1037 2544 1180 2620 perlicere
1196 2543 1341 2604 decernat

218 2646 461 2724 (lora-1080).
506 2647 550 2707 lbi
574 2648 650 2706 enim
674 2646 843 2723 paedagogi
868 2645 1038 2723 praeseutia
1062 2664 1120 2706 non
1145 2650 1244 2723 potest
1267 2648 1339 2707 tole-

215 2753 288 2830 rari,
319 2753 420 2829 itaque
451 2752 480 2810 in
505 2749 623 2810 domum
648 2751 772 2810 mittitur
795 2768 822 2808 r.
840 2752 929 2810 1019.
954 2749 1088 2826 -Sed,
1119 2756 1151 2809 ut
1173 2749 1341 2829 redeamus,

218 2855 297 2913 nude
329 2870 431 2912 sumus
462 2851 602 2929 digressi,
632 2853 716 2928 pueri
748 2869 784 2910 ex
816 2851 902 2911 domo
925 2850 1053 2910 redeunt
1075 2869 1140 2911 cnm
1164 2850 1339 2930 paedagogo

218 2977 245 3014 v.
264 2959 355 3032 1002,
377 2956 427 3031 qni
451 2973 506 3032 pro
529 2955 572 3014 eis
587 2954 680 3013 rerba
697 2953 767 3014 lacit
782 2953 880 3030 (pueri
896 2954 972 3012 enim
990 2951 1084 3025 muti).
1127 2955 1188 3013 Iam
1205 2955 1340 3032 sequitur

215 3080 250 3118 eu
280 3077 406 3135 scaena,
435 3056 472 3116 de
501 3058 671 3135 quamodo
695 3058 829 3117 diximus.
873 3056 1076 3132 Permulcerc,
1106 3057 1249 3134 osculari,
1279 3076 1341 3117 am-

216 3163 306 3237 plecti
337 3165 458 3219 matrem
490 3160 599 3220 liberos
636 3162 716 3219 clare
748 3159 818 3219 dicit
844 3163 934 3234 poeta
961 3163 1202 3237 vv.1070sqq.;
1239 3166 1338 3220 tamen

217 3282 280 3323 eam
305 3281 414 3339 pueros
437 3264 593 3323 sustulisse
617 3264 666 3322 vix
690 3262 881 3338 crediderim,
909 3262 1062 3338 quianon
1086 3269 1119 3322 ut
1141 3262 1271 3322 infantes
1293 3263 1341 3323 vol

216 3366 326 3424 trimuli
350 3371 421 3424 sunt
443 3366 603 3444 cogitandi,
626 3365 679 3425 sod
703 3366 804 3443 paullo
828 3366 883 3424 iam
907 3366 1042 3437 maiores,
1065 3365 1102 3425 de
1125 3383 1186 3443 qua
1207 3384 1241 3426 re
1263 3365 1341 3426 infra

217 3468 429 3545 disputandum
459 3468 554 3541 eniti)
607 3470 678 3528 Post
708 3487 737 3527 v.
754 3471 835 3529 1080
867 3468 953 3546 pueri
984 3468 1103 3529 domum
1132 3469 1256 3545 ingrcssi
1280 3488 1340 3529 non

218 3576 274 3630 iam
300 3573 495 3650 aspiciuntur,
517 3590 606 3632 voces
628 3571 771 3632 auxilium
795 3573 957 3649 petentium
978 3577 1047 3648 post
1061 3590 1200 3631 scaenam
1216 3571 1340 3632 andiun-

217 3681 266 3734 tur
301 3694 348 3734 vv.
374 3678 539 3735 1271-72
570 3679 599 3734 et
631 3677 812 3745 1277-78,
846 3676 896 3752 qui
927 3675 1051 3733 trimetri
1081 3675 1159 3734 inter
1188 3673 1341 3734 dochmios

218 3778 301 3836 ebori
327 3778 430 3836 inserti
454 3783 532 3836 eunt.
576 3778 611 3837 In
634 3777 692 3837 fine
716 3795 843 3853 corpora
865 3795 1017 3837 caesorum
1041 3778 1070 3836 in
1087 3795 1177 3837 curru
1193 3777 1341 3854 anguibus

220 3879 337 3938 sublato
354 3884 508 3955 apparent.
533 3878 631 3951 Vides,
653 3897 742 3955 qnam
767 3879 859 3938 multa
881 3897 937 3938 nec
958 3879 1035 3938 levia
1056 3879 1086 3938 in
1109 3878 1165 3937 bac
1184 3879 1341 3954 tragoedia

216 3987 306 4058 poeta
338 3983 439 4058 pueris
472 3980 589 4058 agenda
619 3982 800 4058 imposuerit.
852 3981 958 4058 Neque
988 3982 1064 4041 enim
1092 3980 1267 4041 satisbabuit
1289 3999 1341 4041 eos

305 4145 325 4214 ι)
344 4144 570 4199 Wilamowitnins
589 4145 693 4212 (Herm.
706 4145 767 4212 XV,
785 4160 812 4212 p.
825 4146 902 4213 497),
925 4160 1043 4213 cumque
1066 4151 1179 4199 secutus
1201 4143 1341 4198 Arnimius

217 4232 277 4299 (Ed.
291 4231 364 4285 bled.
381 4231 416 4284 ad
434 4247 461 4284 v.
473 4235 533 4300 905)
552 4232 588 4285 ad
597 4249 623 4286 v.
636 4236 686 4287 905
701 4231 842 4298 adnotant,
861 4231 985 4285 Medeam
998 4230 1112 4285 alterum
1124 4246 1237 4299 puerum
1250 4237 1340 4285 sustu·

216 4317 281 4370 iisse
305 4322 388 4385 atque
412 4316 534 4372 saviasse
557 4317 729 4386 cogitandam
754 4332 830 4383 esse;
854 4317 947 4387 itaquo
965 4333 1066 4386 pueros
1084 4316 1122 4370 illi
1140 4320 1237 4384 putant
1255 4314 1340 4372 luisse

217 4402 342 4458 trimulos
362 4401 406 4456 vel
425 4401 624 4473 quadrimulos;
643 4417 723 4476 qnam
742 4401 899 4472 opinionem
918 4400 989 4460 infra
1006 4401 1175 4459 examinabo.
