3104 5198
210 407 271 466 246

210 580 307 637 autom
331 577 495 639 desiderari
513 579 650 655 Voigtius
672 580 745 639 dicit
767 598 892 657 poenam
911 581 1004 657 Atrei,
1027 582 1078 659 qui
1095 587 1195 642 votum
1216 582 1343 640 Dianae

209 678 318 739 iactum
343 681 519 758 neglexerit,
542 683 679 760 Aeropae
696 683 877 743 adulterium
895 703 949 759 pro
966 703 1064 761 poena
1080 687 1143 745 eius
1160 684 1342 745 habendum

210 801 275 843 esse
299 784 448 844 Robertus
478 804 523 843 me
547 786 672 855 monuit;
705 787 886 846 conferenda
909 794 955 847 cst
979 790 1084 848 Minoia
1106 789 1342 865 Pasiphaesque

211 886 321 963 fabula,
343 905 420 963 quae
443 888 622 947 simillimum
647 889 770 966 praebet
792 896 1009 966 argumentum.
1032 921 1073 931 —
1096 892 1156 950 lam
1188 910 1256 952 cum
1281 909 1343 968 per

210 989 287 1048 banc
316 994 406 1048 totam
437 991 640 1065 quaestionem
672 993 920 1066 cognoverimus,
957 994 986 1052 in
1018 994 1155 1070 Epitoma
1189 995 1342 1052 Vaticana

210 1092 361 1167 antiquam
393 1097 422 1151 et
452 1092 602 1168 vulgarem
640 1093 676 1152 do
700 1094 784 1153 Atrei
815 1099 844 1154 et
873 1094 1024 1170 Thyestae
1056 1094 1181 1155 discidio
1212 1100 1342 1154 exstare

210 1193 350 1269 fabulam,
372 1213 436 1252 eum
460 1196 579 1254 omnino
604 1215 662 1254 non
686 1198 789 1255 valere
812 1195 850 1256 ad
867 1215 919 1256 eas
935 1215 1011 1273 quas
1027 1198 1198 1273 quaerimus
1215 1204 1342 1274 tragoe-

210 1297 277 1356 dias
308 1297 567 1373 recognoscendas
605 1305 737 1374 apparot.
781 1299 822 1358 At
853 1318 961 1358 novum
990 1299 1085 1359 habeo
1114 1305 1342 1377 argumentum,

200 1399 268 1475 'quo
292 1419 351 1459 non
375 1400 469 1459 solum
492 1400 543 1459 illa
567 1401 740 1460 coniectura
764 1401 965 1472 confirmatur,
987 1401 1039 1460 sed
1063 1403 1150 1460 etiam
1174 1402 1274 1461 aditus
1298 1400 1340 1460 ad

209 1503 290 1580 ipsas
313 1503 482 1580 tragoedias
505 1503 601 1579 datur,
624 1504 703 1580 quod
728 1506 857 1580 pertinet
878 1504 915 1562 ad
939 1505 1016 1563 illam
1041 1504 1078 1563 de
1094 1503 1170 1564 Solis
1190 1522 1341 1582 regressu

209 1605 351 1665 fabulam.
410 1606 551 1665 Primitus
589 1607 766 1666 narrabatur
798 1608 896 1668 Solem
932 1612 1000 1683 post
1033 1608 1144 1666 furtum
1178 1608 1342 1684 Thyestae

209 1711 377 1778 revertisse,
401 1708 481 1786 quod
506 1709 594 1770 docct
616 1711 760 1769 cauticum
784 1710 979 1785 Euripideum
1003 1717 1033 1770 et
1056 1710 1188 1770 narratio
1210 1710 1344 1787 Apollo·

209 1812 309 1871 dorca.
354 1812 514 1888 Euripides
544 1813 572 1870 in
605 1814 747 1872 miraculo
779 1814 830 1872 illo
855 1813 994 1884 offendit,
1018 1813 1099 1889 quod
1124 1812 1216 1872 tradit
1239 1812 1344 1872 schol.

209 1914 259 1974 Or.
276 1918 336 1975 998
354 1915 431 1973 ΑΒΙ;
454 1911 610 1984 πιθανοῖς
627 1899 645 1971 ὁ
663 1899 846 1994 Εὐριπίδης
867 1906 929 1973 τὸν
946 1911 1060 1992 μῦθον
1076 1904 1344 1993 προσήρμοσιν·

209 1999 314 2092 ὁγὰρ
343 2005 483 2090 φυσικὸς
514 2007 613 2093 λόγος
640 2007 702 2075 τὸν
730 2001 828 2094 ἥλιον
851 2002 1069 2075 ἀποδείκνυσι
1091 2007 1153 2096 τὴν
1174 2010 1344 2075 ἐναντίαν

209 2108 305 2176 ἰόντα
327 2112 466 2194 πορείαν
489 2114 538 2196 τῷ
561 2103 708 2197 οὐρανῷ.
754 2120 821 2179 Ηοο
844 2120 931 2179 etiam
949 2120 1186 2196 probabilissime
1201 2119 1345 2180 refertur

210 2221 266 2297 frg.
282 2222 338 2280 inc.
355 2226 430 2282 861:

414 2317 522 2399 δείξας
544 2313 606 2401 γὰρ
629 2309 762 2401 ἄστρων
784 2309 847 2401 τὴν
869 2317 1027 2383 ἐναντίαν
1051 2305 1135 2383 ὁδὸν

413 2415 538 2503 δήμους
554 2409 584 2483 τ’
599 2412 708 2485 ἔσωσα
730 2421 787 2484 καὶ
809 2417 978 2502 τύραννος
1002 2417 1129 2506 ίζόμην.

210 2529 297 2601 Quae
315 2529 405 2587 verba
420 2529 443 2589 si
460 2532 552 2589 Atreo
569 2530 734 2603 tribuimus,
750 2532 790 2590 ita
806 2530 1008 2607 intellegenda
1024 2525 1173 2608 videntur,
1197 2537 1229 2590 ut
1247 2531 1344 2590 Euri·

209 2631 307 2709 pidem
321 2633 378 2692 hoc
391 2632 510 2693 finxisse
524 2638 669 2710 putemus,
682 2636 804 2692 Atreum
819 2652 876 2693 non
888 2635 965 2693 lovis
980 2634 1133 2705 miraculo,
1146 2633 1198 2693 scd
1210 2639 1346 2710 propter

211 2735 386 2809 sapientiam
410 2752 493 2793 suam
518 2735 555 2793 ad
579 2753 627 2795 res
651 2736 796 2794 caelestes
827 2737 1023 2812 pertinentem
1054 2754 1072 2794 a
1095 2737 1207 2812 populo
1231 2754 1344 2811 regem

210 2842 340 2896 creatum
352 2855 425 2896 esse.
448 2838 558 2897 Nonne
571 2837 731 2914 Euripides
744 2838 808 2914 ipse
821 2839 983 2897 clarissime
996 2838 1234 2898 incredulitatem
1249 2856 1343 2897 suam

209 2938 350 3016 patefecit
371 2941 400 2997 in
425 2941 540 2999 cantico
563 2940 615 2999 illo
632 2941 779 3016 Electrae,
802 2942 860 3014 ubi,
884 2947 1040 3017 postquam
1062 2941 1213 3018 vulgarem
1236 2941 1345 3017 opini-

210 3060 294 3101 onem
312 3042 444 3117 protulit,
466 3043 540 3101 haec
556 3043 647 3102 adicit
670 3041 725 3115 (ul.
743 3046 803 3104 737
814 3042 905 3120 sqq.):
928 3037 1056 3120 λέγεται
1070 3056 1076 3068 ·
1090 3033 1152 3101 τὰν
1169 3035 1203 3100 δὲ
1218 3037 1345 3101 πίστιν

211 3134 354 3221 σμικρὰν
376 3129 454 3222 παρ’
478 3129 580 3222 ἔμοιγ)
603 3135 676 3222 ἔχει,
700 3140 839 3223 στρέψαι
863 3136 993 3223 θερμὰν
1016 3131 1130 3204 αἐλίου
1151 3136 1344 3223 χρυσωπὸν

209 3237 310 3323 ἕδραν
340 3234 533 3320 ἀλλάξαντα
564 3243 721 3328 δυστυχία
751 3243 894 3325 βροτείῳ
923 3245 1054 3317 θνατᾶς
1084 3238 1197 3306 ἕνεκεν
1228 3242 1341 3318 δίκας.

209 3349 372 3424 Sophocles
385 3350 561 3408 miraculum
574 3353 714 3422 servavit,
727 3350 778 3409 scd
792 3350 898 3409 audaci
915 3352 1144 3426 felicissimaque
1157 3355 1222 3410 arte
1235 3357 1341 3410 trans·

209 3453 308 3529 posuit
339 3459 406 3528 post
438 3471 539 3511 cenam
563 3453 731 3529 Thyestae,
755 3472 843 3529 quam
868 3455 963 3513 voluit
985 3473 1074 3530 quam
1097 3454 1340 3514 luorridissimam

209 3554 382 3631 depingere.
427 3557 491 3614 Hoc
514 3562 641 3615 testatur
657 3555 809 3632 Statyllius
827 3558 954 3616 Flaccus
975 3557 1078 3630 (Antii.
1095 3559 1158 3616 Pal.
1175 3559 1223 3631 lX,
1239 3551 1304 3634 98).
1315 3557 1341 3631 ¹)

256 3667 433 3743 Οἰδίποδος
456 3668 563 3733 δισσαί
587 3690 622 3733 σε
646 3671 702 3733 καὶ
724 3660 879 3754 Ἠλέκτρη
903 3662 1086 3754 βαρύμηνις

294 3769 350 3833 καὶ
375 3770 522 3846 δείπνοις
546 3770 678 3848 ἐλαθεὶς
693 3765 818 3853 Ἀτρέος
841 3763 961 3848 Ἠέλιος

213 3904 232 3931 ι
252 3864 338 3936 ἄλλα
366 3895 400 3936 τε
422 3873 701 3951 ιιονλνπαθὲσσι,
725 3871 937 3957 Σοφόκλεες,
960 3865 1042 3956 ἀμφὶ
1066 3870 1245 3957 τυράννοις
1261 3880 1339 3940 κτλ.

295 3999 382 4057 Nunc
405 4017 477 4057 vero
502 3992 674 4058 testimonio
697 3999 740 4058 illi
763 4001 792 4059 iu
814 4000 920 4059 litteris
936 3999 1193 4077 mythograplricis
1209 3999 1340 4060 Graecis

208 4099 276 4176 nui,
305 4099 385 4175 quod
417 4099 542 4159 eandem
574 4100 693 4161 fabulae
724 4100 863 4172 formam,
886 4103 903 4161 i.
919 4121 943 4160 e.
959 4103 1034 4163 Solis
1065 4120 1233 4180 regressum
1266 4107 1341 4178 pust

209 4220 311 4261 cenam
342 4201 494 4278 Thyestae
525 4205 669 4281 positum,
702 4205 841 4281 praebet,
871 4206 1011 4266 maiorem
1039 4206 1126 4266 fidem
1150 4205 1340 4283 habebimus,

296 4382 316 4441 ¹l
337 4382 397 4436 Hoc
415 4383 569 4438 Straussius
587 4382 685 4451 attulit,
703 4383 720 4437 l.
734 4400 756 4439 c.
775 4400 802 4452 p.
815 4390 856 4440 ot.
