3104 5198
1155 409 1217 468 233

94 578 132 639 ad
163 598 267 640 omnes
296 583 405 640 matres
434 580 577 657 pertinet,
607 579 648 639 ita
677 584 710 639 nt
731 579 868 639 omnibus
891 578 993 656 pneris
1015 579 1127 655 optime
1150 597 1218 638 con·

95 683 205 743 veniat.
243 684 290 744 Sic
314 683 410 752 etium,
434 687 467 742 nt
490 683 547 741 hoc
570 682 687 759 addam,
709 682 852 741 habemns
875 700 1012 741 scaenam
1037 682 1130 742 multo
1146 682 1218 741 vivi·

95 784 218 855 diesem,
240 786 482 862 splendidiorem,
503 804 590 862 qnam
608 787 631 844 si
647 785 756 862 singuli
772 804 838 844 cum
855 785 981 860 singnlis
997 785 1220 862 colloquuntur.

95 888 222 948 Accedit
243 889 323 966 quod
346 883 479 947 παίδων
500 882 597 966 χοροὶ
617 888 743 948 Athenis
766 894 851 948 eraut
874 888 1065 963 usitatissimi,
1087 894 1120 946 nt
1136 889 1219 947 Enri-

94 990 195 1068 pidem
228 1010 279 1049 eos
309 985 400 1065 (sieut
431 992 516 1050 etiam
549 993 578 1050 iu
602 991 732 1061 Theseo)
763 991 925 1067 tragoediis
954 992 1017 1050 snis
1047 991 1219 1050 adhibuisse

94 1112 155 1154 non
180 1095 218 1153 sit
240 1093 414 1153 mirandum.
453 1094 549 1153 Etiam
574 1095 674 1168 ceteri,
697 1113 770 1168 quos
792 1095 938 1170 novimus,
962 1093 1044 1153 chori
1061 1092 1219 1153 adventicii

94 1214 156 1255 uuo
190 1214 241 1256 ore
275 1198 426 1257 coniuncti
460 1197 603 1256 cecinisse
633 1195 786 1256 videntur:
820 1190 1022 1273 προπομποί
1051 1197 1080 1255 iu
1112 1196 1220 1255 Aesch.

96 1301 190 1371 Eum,
212 1301 293 1358 servi
315 1300 345 1358 in
369 1301 439 1359 Eur.
455 1301 555 1376 llipp,
577 1300 686 1359 milites
708 1300 737 1358 in
760 1296 968 1369 lirechtheo,¹)
992 1299 1122 1375 virgines
1146 1319 1219 1376 nup·

95 1402 183 1462 tiales
206 1403 236 1460 in
252 1400 480 1474 Phaethontei)
503 1432 543 1441 —
567 1402 628 1461 lam
652 1401 815 1476 videamus,
838 1402 909 1477 qrrid
934 1403 963 1462 in
979 1419 1090 1462 scaena
1105 1406 1221 1478 agatur.

96 1505 131 1562 V.
150 1507 243 1565 1160:
266 1488 340 1582 φέρ’
358 1487 442 1580 ἀμφὶ
456 1489 586 1580 μαστόν
601 1489 768 1575 ὑποβάλω
784 1491 914 1561 σποδόν
929 1502 1089 1579 indicatur,
1110 1520 1220 1580 pueros

97 1605 243 1666 matribus
273 1605 433 1682 amphoras
463 1606 600 1681 tradere,
629 1623 670 1665 se.
699 1607 838 1682 singnlae
869 1609 977 1664 matres
1006 1605 1139 1681 singulas
1162 1624 1220 1664 am·

96 1709 209 1787 phoras
224 1710 388 1787 accipiunt,
407 1727 444 1768 ne
459 1709 519 1768 nlla
534 1714 628 1767 mater
644 1706 694 1766 filii
711 1708 843 1783 reliquiis
859 1713 968 1767 careat.
1005 1708 1220 1769 Censtituimus

95 1813 176 1872 enim
207 1817 316 1870 matres
345 1831 363 1871 a
395 1811 613 1887 spectatoribus
641 1811 717 1870 bene
740 1828 829 1887 posse
852 1810 998 1887 dignosci,
1028 1817 1058 1870 et
1080 1812 1219 1886 quoniam

97 1932 202 1974 omncs
225 1932 335 1987 pueros
358 1914 444 1973 simul
469 1932 577 1974 canere
598 1921 627 1972 ct
642 1932 732 1989 agere
748 1912 1025 1988 demonstravimus,
1048 1913 1130 1973 dubii
1147 1914 1220 1972 nihil

98 2018 291 2095 relinquitur,
321 2018 391 2094 quin
419 2035 455 2077 ea
483 2036 603 2095 quoqne
632 2016 709 2076 actio
740 2016 777 2075 ad
802 2034 903 2076 omues
927 2020 1036 2075 matres
1058 2033 1221 2093 omnesque

96 2137 210 2197 pueros
235 2120 391 2196 pertineat.
437 2119 509 2179 lude
532 2119 691 2178 clarissime
715 2121 840 2194 primum
864 2118 922 2178 hoc
945 2125 1087 2197 apparet:
1118 2138 1220 2197 parem

97 2212 443 2298 matrum,‘pnerorum,
473 2221 682 2299 amphorarum
715 2239 869 2280 numerum
895 2220 1001 2296 suisse3
1034 2227 1220 2281 comantem

96 2325 127 2384 in
157 2343 268 2384 scaeua
297 2324 398 2400 panllo
430 2330 498 2384 ante
529 2325 685 2401 quinque
717 2330 830 2383 tantum
856 2342 985 2401 corpora
1007 2325 1148 2383 siluerint
1171 2323 1221 2396 (ef.

96 2425 308 2505 v.925sqq.),
337 2446 393 2503 ego
423 2429 552 2488 animum
575 2427 719 2487 inducere
745 2446 801 2487 non
827 2445 961 2504 possum,
991 2432 1024 2487 nt
1046 2428 1221 2505 Euripidem

95 2532 184 2591 simili
208 2531 254 2590 vel
278 2529 373 2589 dicam
399 2532 525 2607 maiore,
547 2535 638 2607 atque
661 2549 747 2609 qnam
772 2549 863 2606 supra
886 2530 1097 2608 demonstravi,
1120 2531 1221 2608 negle-

96 2633 200 2712 gentia
231 2632 422 2693 nihilominus
451 2637 586 2710 septem
619 2638 743 2708 matres,
773 2638 906 2710 septem
932 2652 1055 2710 pueros,
1085 2638 1220 2710 septem

96 2736 259 2812 amphoras
288 2735 410 2795 finxisse
439 2734 567 2795 credam.
612 2735 684 2794 lllae
708 2735 785 2794 enim
808 2735 896 2812 aliae,
925 2754 1001 2811 quas
1025 2738 1221 2813 cognovimus

97 2837 319 2916 discrepantiae
351 2839 413 2897 sire
444 2839 529 2909 vitia,
559 2838 631 2898 talia
661 2841 760 2914 erunt,
792 2843 824 2897 ut
855 2837 938 2898 iacile
961 2857 979 2897 a
1002 2840 1221 2915 spectatoribus

96 2945 223 3018 possent
245 2959 304 3001 non
329 2942 495 3018 observari,
523 2942 581 3001 hoc
604 2960 676 3002 vero
700 2942 785 3001 nimis
809 2943 910 3001 oculos
934 2941 1103 3013 offenderit,
1127 2944 1167 3003 ita
1189 2947 1222 3003 ut

97 3043 311 3115 Athenienses,
342 3047 375 3103 nt
405 3049 492 3103 erant
521 3061 605 3102 aeres
636 3044 708 3103 artis
730 3042 858 3120 iudices,
889 3043 917 3103 id
943 3045 1091 3121 patienter
1114 3044 1221 3105 tolcra-

97 3152 183 3207 tnros
212 3145 304 3206 fnisse
334 3165 393 3206 non
424 3157 533 3222 putem.
578 3147 747 3206 Statuamus
777 3147 881 3223 igitur,
910 3148 1070 3223 quinque
1101 3153 1218 3218 matres,

98 3252 256 3327 quinque
286 3268 395 3327 pueros
425 3250 455 3308 io
488 3268 597 3310 scaena
628 3251 733 3310 tuisse:
764 3251 819 3309 iam
848 3251 906 3309 hoc
927 3250 1087 3310 Arnoldtio
1111 3250 1221 3326 (pits)

98 3353 313 3430 concedemus,
342 3353 384 3412 sic
415 3354 507 3411 multo
536 3352 652 3412 facilins
682 3352 763 3411 chori
794 3371 947 3412 numerum
978 3358 1069 3430 atque
1098 3353 1221 3413 formam

98 3457 258 3533 legitimam
294 3454 380 3516 ellici.
435 3455 464 3516 Si
500 3456 576 3515 enim
611 3456 696 3515 binus
730 3457 855 3531 singulis
889 3457 1031 3516 matribus
1065 3456 1222 3516 tribuimus

97 3558 226 3618 famulas
248 3557 412 3618 secundnm
436 3557 523 3617 illud:
548 3542 612 3634 ἅμα
636 3542 665 3615 δ’
680 3548 869 3635 ἀμφίπολοι
885 3542 935 3616 δύ’
950 3546 1085 3628 ἕποντο,
1109 3560 1222 3636 primns

99 3660 240 3721 stoechns
262 3661 413 3736 aptissime
438 3660 579 3719 matribus
602 3660 699 3735 datur,
721 3660 812 3719 ceteri
838 3660 1012 3719 famulabus.

186 3763 246 3822 lam
271 3756 407 3822 Herculis
436 3767 497 3822 tres
520 3781 630 3838 pueros
652 3764 777 3840 propios
800 3762 1044 3838 contemplemur.
1088 3763 1126 3822 Hi
1150 3782 1222 3838 qno·

99 3882 160 3940 que
190 3865 259 3924 muti
291 3863 321 3923 in
352 3881 474 3938 scaena,
505 3865 640 3940 quamvis
669 3863 797 3923 iulautes
820 3864 964 3923 sermonis
988 3882 1045 3922 non
1071 3868 1223 3939 compotes

99 3985 159 4026 non
193 3967 253 4026 sint
284 3966 448 4043 cogitandi;
484 3985 610 4041 namque
646 3967 737 4026 verba
768 3984 869 4026 eorum
901 3967 1081 4042 afferuntur,
1115 3965 1222 4041 quibua

99 4073 223 4128 matrem
254 4068 291 4127 de
321 4069 416 4145 patris
445 4068 579 4128 absentia
609 4069 863 4145 interrogaverint
893 4066 1049 4144 (ideoq).
1094 4067 1221 4128 Similem

188 4303 210 4370 ¹)
227 4300 270 4356 Fr.
284 4305 345 4368 ³⁶93
364 4299 399 4355 ct.
417 4301 524 4355 Wilam.
537 4300 590 4354 An.
603 4301 668 4354 Eur.
686 4316 713 4367 p.
731 4304 784 4353 tlt.

188 4387 209 4458 ²)
227 4386 269 4441 Fr.
283 4390 341 4454 781,
356 4390 385 4440 tt
396 4402 469 4455 sqq,
488 4385 521 4440 et.
541 4385 648 4440 Wilam.
662 4383 983 4453 Herm.xvr11,rousq.
