3104 5198
390 1109 449 1167 Iam
482 1109 605 1168 materia
635 1107 763 1168 ootleota
789 1111 819 1168 et
848 1107 1016 1167 examinata
1045 1108 1235 1184 quaestiones
1264 1105 1429 1166 nonnullae

302 1209 468 1270 solvendae
491 1213 569 1281 sunt,
593 1227 677 1286 quas,
699 1210 814 1270 simodo
829 1210 947 1287 longius
962 1209 1102 1287 progredi
1123 1210 1269 1286 volumus,
1291 1212 1428 1286 praeter·

304 1314 347 1372 ire
370 1331 430 1372 non
452 1329 619 1388 possumus

389 1414 520 1473 Primum
543 1414 627 1473 ouius
650 1414 756 1473 aetatis
772 1412 884 1472 fuerint
897 1413 917 1472 ii
934 1414 1028 1490 pueri,
1051 1414 1102 1490 qui
1118 1431 1224 1473 revera
1240 1414 1269 1472 iu
1285 1430 1427 1473 scaenam

303 1514 474 1592 prodibant,
504 1515 611 1576 deinde
639 1520 737 1576 utrum
766 1517 823 1592 ipsi
845 1516 876 1575 in
898 1533 1009 1575 scaeua
1031 1515 1124 1576 rerba
1146 1515 1281 1586 iecerint,
1311 1515 1429 1576 oeoine·

304 1619 372 1692 rint,
395 1636 432 1677 an
456 1618 550 1677 adulti
574 1636 629 1694 pro
653 1618 697 1692 iis,
720 1616 941 1678 decernendum
966 1621 1020 1678 est.

389 1721 435 1779 De
457 1724 577 1779 aetate
599 1737 790 1795 puerorum
813 1725 974 1796 propterea
995 1720 1091 1780 fusius
1113 1719 1266 1796 disputare
1289 1737 1428 1779 neeessa-

302 1822 379 1880 rium
410 1821 480 1880 mihi
509 1819 637 1897 videtur,
670 1822 738 1896 quia
764 1820 899 1880 homines
922 1821 1025 1881 doetus
1048 1825 1078 1881 in
1100 1822 1156 1880 hae
1178 1839 1211 1880 re
1233 1838 1428 1898 nequaquam

305 1923 475 1982 consentire
491 1922 588 1982 video.
618 1923 746 1982 Primum
764 1927 841 1998 sunt,
864 1926 915 2000 qui
931 1941 1037 1983 revera
1057 1940 1201 2000 pueros,
1222 1941 1283 1982 non
1298 1922 1429 1996 adultos,

304 2023 451 2100 prodiisse
474 2043 534 2084 non
558 2024 690 2095 credant,
714 2025 765 2084 sed
790 2025 1031 2085 adulescentulos
1048 2044 1101 2101 pro
1116 2025 1152 2084 iis
1167 2042 1233 2084 esse
1249 2024 1429 2084 substitutos

302 2127 495 2204 arbitrentur,
510 2128 551 2185 ita
566 2130 599 2186 ut
614 2128 663 2186 vel
680 2146 697 2186 a
712 2127 864 2187 choreutis
880 2127 927 2186 vet
943 2127 979 2186 ab
995 2126 1187 2187 histrionibus
1202 2144 1304 2186 eorum
1323 2129 1428 2201 partes

304 2233 387 2288 uotae
409 2245 476 2289 esse
498 2233 613 2305 putent.
649 2229 726 2288 Nam
750 2229 879 2288 inhaesit
901 2231 929 2289 in
945 2230 1079 2288 virorum
1103 2228 1258 2288 doctorum
1279 2228 1428 2288 mentibus

303 2330 423 2407 quidam
448 2333 544 2406 timor,
567 2350 604 2391 ue
627 2331 714 2391 nimis
737 2331 859 2390 multum
877 2332 978 2406 pueris
995 2332 1194 2408 imponerent,
1217 2332 1258 2390 ita
1275 2337 1308 2391 ut
1322 2348 1426 2391 eorum

303 2439 406 2510 partes
435 2452 523 2510 quam
555 2435 688 2493 maxime
710 2433 923 2494 eircumcidere
951 2439 1140 2505 conarentur,
1174 2433 1286 2493 seilicet
1307 2437 1428 2493 veteres

305 2537 426 2595 omnino
459 2537 559 2612 parois
589 2535 727 2595 subsidiis
760 2537 789 2594 in
823 2534 1015 2596 exstruendis
1045 2537 1226 2613 speetaouiis
1257 2553 1328 2595 usos
1360 2552 1428 2594 esse

305 2637 448 2697 arbitrati.
494 2639 599 2714 Itaque
622 2638 656 2698 G.
672 2639 874 2698 Hermannum
905 2656 959 2714 pro
981 2639 1147 2714 vesparum
1175 2637 1276 2714 pueris
1297 2636 1428 2696 vidimus

305 2738 467 2799 choreutas
489 2741 666 2801 substituere
681 2738 722 2817 (p.
736 2739 819 2812 237).
852 2742 992 2802 Similiter
1023 2741 1158 2800 nonnulii
1183 2740 1336 2799 Eumelum
1359 2759 1388 2816 q.
1398 2757 1428 2798 v.

303 2840 527 2901 aduiesoeutem
552 2843 768 2918 putaverunt¹i
801 2843 912 2904 Contra
927 2842 961 2904 0.
979 2835 1183 2921 hiueilerumi)
1206 2841 1295 2902 rideo
1315 2857 1428 2918 pueros

303 2943 385 3002 illum
421 2945 541 3021 quidem
576 2945 742 3016 admittere,
776 2949 873 3005 tamen
907 2948 931 3005 is
961 2964 1082 3022 quoque
1114 2945 1323 3022 parsimoniam
1347 2963 1426 3004 oom-

304 3045 436 3122 mendat,
467 3065 532 3107 oum
563 3048 591 3107 iu
616 3047 861 3107 aeharnensibus
884 3048 1107 3126 Dioaeopolidis
1136 3048 1241 3109 filiolas
1268 3048 1427 3107 simulacra

303 3147 397 3207 fuisse
427 3156 560 3225 censeat,
588 3150 719 3226 Trygaei
750 3151 780 3208 in
803 3151 883 3210 Paoe
912 3151 1028 3229 puellae
1050 3151 1170 3210 omnino
1194 3170 1231 3210 ex
1253 3150 1341 3211 domo
1365 3170 1425 3210 uon

303 3251 450 3327 prodiisse
472 3252 640 3322 arbitretur,
664 3251 711 3311 eui
735 3253 897 3313 assentitur
913 3254 944 3314 0.
960 3255 993 3312 F.
1008 3247 1235 3332 Burmannus-³)
1267 3254 1330 3312 lam
1353 3272 1426 3313 vero

303 3352 415 3411 verba
444 3353 578 3413 senisse
608 3371 717 3429 pueros
747 3355 829 3429 ipsos
858 3354 887 3414 iu
919 3357 1061 3415 immensa
1090 3356 1198 3415 theatri
1227 3375 1321 3415 eavea
1343 3355 1425 3415 orodi

304 3473 365 3515 uon
389 3473 477 3531 posse
500 3456 583 3516 muiti
607 3456 741 3516 homiues
765 3455 844 3516 dooti
872 3458 925 3517 sibi
949 3462 1173 3534 persuaserunt.
1218 3458 1278 3518 lam
1301 3457 1335 3518 G.
1350 3459 1425 3517 Her·

304 3555 461 3629 manuus⁴i
497 3559 617 3619 Molossi
656 3559 706 3634 qui
741 3565 866 3619 vocatur
905 3560 934 3617 iu
973 3560 1043 3618 Eur.
1074 3560 1217 3620 Androm.
1245 3566 1364 3621 uantum
1398 3562 1426 3620 oi

391 3740 412 3807 ¹)
429 3739 455 3793 J.
468 3739 588 3807 Richter,
614 3739 659 3794 die
678 3739 841 3808 Verteilung
864 3740 914 3794 der
936 3739 1037 3795 Rollen
1063 3745 1124 3810 eto,
1151 3741 1222 3796 Bari.
1244 3745 1316 3809 184²,
1343 3758 1370 3811 p.
1384 3748 1425 3796 75.

303 3825 373 3880 item
392 3825 421 3880 C.
434 3824 464 3877 F.
476 3824 649 3879 Hermannus
674 3824 721 3893 (de
746 3824 940 3880 distributione
962 3841 1140 3894 personarum
1160 3833 1221 3895 eto,
1244 3828 1328 3896 Marp.
1350 3833 1424 3894 1840,

304 3927 330 3980 p.
341 3911 392 3980 49),
410 3909 534 3979 legitimo
553 3909 676 3963 histrioni
694 3909 826 3964 adscribit
837 3910 945 3966 Eumeli
962 3917 1062 3978 partes.
1087 3913 1235 3967 Richterus
1253 3913 1334 3967 etiam
1346 3919 1426 3981 pueri

304 3995 384 4064 iilius,
411 4011 493 4064 quem
517 4011 600 4050 unum
625 3995 652 4048 in
670 3994 766 4063 Suppl.
785 3995 919 4050 oeoinisse
941 4000 1028 4064 putat,
1055 4004 1149 4065 partes
1167 4013 1183 4051 a
1200 3997 1425 4067 deuteragonista

304 4086 449 4148 susceptas
468 4096 531 4135 esse
549 4085 654 4148 oeuset,
673 4079 689 4134 i.
702 4096 726 4134 o.
743 4096 771 4148 p.
782 4084 822 4134 89.

388 4167 411 4234 ¹)
430 4165 502 4220 Hist.
516 4166 579 4220 Litt.
592 4165 688 4220 Graes.
700 4165 751 4234 11⁴,
768 4181 796 4233 p.
808 4170 848 4233 13,
865 4182 892 4219 n.
903 4169 926 4218 2.

391 4253 413 4320 8)
431 4252 474 4306 De
492 4251 686 4306 distributione
705 4256 767 4319 eto,
784 4266 811 4318 p.
823 4255 863 4319 39,
881 4256 910 4305 et
927 4250 998 4305 Berl.
1010 4250 1104 4307 Jahrb.
1119 4256 1190 4319 1843,
1208 4269 1235 4321 p.
1246 4257 1304 4308 408.

392 4336 414 4406 ⁴)
432 4335 520 4392 Praei.
539 4336 573 4390 ad
591 4336 721 4390 Androm.
739 4352 767 4404 p.
780 4335 827 4391 Xl.
