<?xml version="1.0" encoding="UTF-8"?>
<!DOCTYPE html PUBLIC "-//W3C//DTD XHTML 1.0 Transitional//EN"
    "http://www.w3.org/TR/xhtml1/DTD/xhtml1-transitional.dtd">
<html xmlns="http://www.w3.org/1999/xhtml" xml:lang="en" lang="en">
 <head>
  <title>
</title>
<meta http-equiv="Content-Type" content="text/html;charset=utf-8" />
  <meta name='ocr-system' content='tesseract 3.04.00' />
  <meta name='ocr-capabilities' content='ocr_page ocr_carea ocr_par ocr_line ocrx_word'/>
</head>
<body>
  <div class='ocr_page' id='page_1' title='image "./depueroruminres00haymgoog_0072.png"; bbox 0 0 3104 5198; ppageno 0'>
   <div class='ocr_carea' id='block_1_1' title="bbox 368 583 1112 861">
    <p class='ocr_par' dir='ltr' id='par_1_1' title="bbox 368 583 1112 861">
     <span class='ocr_line' id='line_1_1' title="bbox 369 583 1112 675; baseline -0.001 -20"><span class='ocrx_word' id='word_1_1' title='bbox 369 583 443 656; x_wconf 77' lang='grc' dir='ltr'>ἀλλ’</span> <span class='ocrx_word' id='word_1_2' title='bbox 459 590 529 657; x_wconf 73' lang='grc' dir='ltr'><strong><em>οἵδε</em></strong></span> <span class='ocrx_word' id='word_1_3' title='bbox 551 593 668 667; x_wconf 77' lang='grc' dir='ltr'><strong><em>παῖδες</em></strong></span> <span class='ocrx_word' id='word_1_4' title='bbox 690 589 727 655; x_wconf 74' lang='grc' dir='ltr'>ἐκ</span> <span class='ocrx_word' id='word_1_5' title='bbox 749 587 882 675; x_wconf 88' lang='grc' dir='ltr'><strong><em>τρόχῶν</em></strong></span> <span class='ocrx_word' id='word_1_6' title='bbox 903 590 1112 674; x_wconf 76' lang='grc' dir='ltr'><strong><em>πεπαυμένοι</em></strong></span> 
     </span>
     <span class='ocr_line' id='line_1_2' title="bbox 368 685 1055 779; baseline -0.004 -20"><span class='ocrx_word' id='word_1_7' title='bbox 368 695 544 777; x_wconf 76' lang='grc' dir='ltr'><strong><em>στείχουσι,</em></strong></span> <span class='ocrx_word' id='word_1_8' title='bbox 567 685 692 779; x_wconf 82' lang='grc' dir='ltr'><strong><em>μητρός</em></strong></span> <span class='ocrx_word' id='word_1_9' title='bbox 714 685 817 758; x_wconf 75' lang='grc' dir='ltr'><strong><em>οὐδὲν</em></strong></span> <span class='ocrx_word' id='word_1_10' title='bbox 837 688 1055 776; x_wconf 77' lang='grc' dir='ltr'><strong><em>ἐννοούμενοι</em></strong></span> 
     </span>
     <span class='ocr_line' id='line_1_3' title="bbox 368 798 581 861; baseline -0.005 0"><span class='ocrx_word' id='word_1_11' title='bbox 368 798 486 861; x_wconf 80' lang='grc' dir='ltr'><strong><em>κακῶν</em></strong></span> <span class='ocrx_word' id='word_1_12' title='bbox 508 801 581 861; x_wconf 78' lang='grc' dir='ltr'><strong><em>κτλ.</em></strong></span> 
     </span>
    </p>
   </div>
   <div class='ocr_carea' id='block_1_2' title="bbox 213 925 1365 3272">
    <p class='ocr_par' dir='ltr' id='par_1_2' title="bbox 213 925 1365 3272">
     <span class='ocr_line' id='line_1_4' title="bbox 215 925 1336 1017; baseline -0.004 -19"><span class='ocrx_word' id='word_1_13' title='bbox 215 939 355 1000; x_wconf 81' lang='lat' dir='ltr'>Dubitari</span> <span class='ocrx_word' id='word_1_14' title='bbox 385 947 483 1000; x_wconf 84' lang='lat' dir='ltr'>autem</span> <span class='ocrx_word' id='word_1_15' title='bbox 516 944 628 1017; x_wconf 88' lang='lat' dir='ltr'>potest,</span> <span class='ocrx_word' id='word_1_16' title='bbox 661 944 758 1004; x_wconf 88' lang='lat' dir='ltr'>utrum</span> <span class='ocrx_word' id='word_1_17' title='bbox 789 925 923 1017; x_wconf 85' lang='grc' dir='ltr'><strong><em>τρόχῶν</em></strong></span> <span class='ocrx_word' id='word_1_18' title='bbox 951 957 989 998; x_wconf 83' lang='lat' dir='ltr'>au</span> <span class='ocrx_word' id='word_1_19' title='bbox 1020 931 1154 1016; x_wconf 79' lang='grc' dir='ltr'><strong><em>τροχῶν</em></strong></span> <span class='ocrx_word' id='word_1_20' title='bbox 1177 935 1336 1014; x_wconf 86' lang='lat' dir='ltr'>legendum</span> 
     </span>
     <span class='ocr_line' id='line_1_5' title="bbox 215 1040 1339 1119; baseline -0.004 -18"><span class='ocrx_word' id='word_1_21' title='bbox 215 1043 267 1107; x_wconf 86' lang='lat' dir='ltr'>sit;</span> <span class='ocrx_word' id='word_1_22' title='bbox 286 1041 361 1101; x_wconf 88' lang='lat' dir='ltr'>illud</span> <span class='ocrx_word' id='word_1_23' title='bbox 387 1042 536 1119; x_wconf 86' lang='lat' dir='ltr'>siguificat</span> <span class='ocrx_word' id='word_1_24' title='bbox 552 1061 681 1119; x_wconf 88' lang='lat' dir='ltr'>cursum,</span> <span class='ocrx_word' id='word_1_25' title='bbox 703 1042 760 1102; x_wconf 89' lang='lat' dir='ltr'>hoo</span> <span class='ocrx_word' id='word_1_26' title='bbox 776 1042 872 1102; x_wconf 90' lang='lat' dir='ltr'>lusum</span> <span class='ocrx_word' id='word_1_27' title='bbox 889 1040 1037 1118; x_wconf 84' lang='lat' dir='ltr'>quondam</span> <span class='ocrx_word' id='word_1_28' title='bbox 1055 1040 1211 1117; x_wconf 82' lang='lat' dir='ltr'>puerilem:</span> <span class='ocrx_word' id='word_1_29' title='bbox 1234 1043 1339 1115; x_wconf 87' lang='lat' dir='ltr'>rotam,</span> 
     </span>
     <span class='ocr_line' id='line_1_6' title="bbox 214 1128 1337 1222; baseline -0.004 -18"><span class='ocrx_word' id='word_1_30' title='bbox 214 1162 294 1220; x_wconf 86' lang='lat' dir='ltr'>quac</span> <span class='ocrx_word' id='word_1_31' title='bbox 318 1144 424 1205; x_wconf 87' lang='lat' dir='ltr'>bacillo</span> <span class='ocrx_word' id='word_1_32' title='bbox 448 1147 554 1222; x_wconf 84' lang='lat' dir='ltr'>agitur.</span> <span class='ocrx_word' id='word_1_33' title='bbox 576 1145 702 1204; x_wconf 88' lang='lat' dir='ltr'>Videtur</span> <span class='ocrx_word' id='word_1_34' title='bbox 718 1149 814 1204; x_wconf 90' lang='lat' dir='ltr'>autem</span> <span class='ocrx_word' id='word_1_35' title='bbox 833 1146 890 1203; x_wconf 90' lang='lat' dir='ltr'>hoc</span> <span class='ocrx_word' id='word_1_36' title='bbox 906 1128 1062 1221; x_wconf 81' lang='grc' dir='ltr'><strong><em>ἆπόρημα</em></strong></span> <span class='ocrx_word' id='word_1_37' title='bbox 1076 1143 1337 1218; x_wconf 85' lang='lat' dir='ltr'>grammaticorum</span> 
     </span>
     <span class='ocr_line' id='line_1_7' title="bbox 215 1230 1338 1324; baseline -0.004 -19"><span class='ocrx_word' id='word_1_38' title='bbox 215 1246 317 1318; x_wconf 83' lang='lat' dir='ltr'>fuisse,</span> <span class='ocrx_word' id='word_1_39' title='bbox 340 1266 408 1306; x_wconf 86' lang='lat' dir='ltr'>uam</span> <span class='ocrx_word' id='word_1_40' title='bbox 424 1247 597 1324; x_wconf 76' lang='lat' dir='ltr'>Tryphonis</span> <span class='ocrx_word' id='word_1_41' title='bbox 613 1266 650 1307; x_wconf 87' lang='lat' dir='ltr'>ex</span> <span class='ocrx_word' id='word_1_42' title='bbox 666 1247 751 1323; x_wconf 87' lang='lat' dir='ltr'>libro,</span> <span class='ocrx_word' id='word_1_43' title='bbox 774 1265 862 1322; x_wconf 88' lang='lat' dir='ltr'>quom</span> <span class='ocrx_word' id='word_1_44' title='bbox 887 1240 964 1322; x_wconf 82' lang='grc' dir='ltr'><strong><em>περὶ</em></strong></span> <span class='ocrx_word' id='word_1_45' title='bbox 988 1230 1124 1321; x_wconf 80' lang='grc' dir='ltr'><strong><em>ἀττικῆς</em></strong></span> <span class='ocrx_word' id='word_1_46' title='bbox 1145 1237 1338 1322; x_wconf 73' lang='grc' dir='ltr'><strong><em>προσῳδίας</em></strong></span> 
     </span>
     <span class='ocr_line' id='line_1_8' title="bbox 214 1334 1339 1426; baseline -0.003 -19"><span class='ocrx_word' id='word_1_47' title='bbox 214 1348 343 1426; x_wconf 75' lang='lat' dir='ltr'><strong>scripsit,</strong></span> <span class='ocrx_word' id='word_1_48' title='bbox 367 1353 467 1409; x_wconf 83' lang='lat' dir='ltr'>uotam</span> <span class='ocrx_word' id='word_1_49' title='bbox 492 1349 643 1419; x_wconf 87' lang='lat' dir='ltr'>habemus,</span> <span class='ocrx_word' id='word_1_50' title='bbox 666 1367 727 1424; x_wconf 90' lang='lat' dir='ltr'>qua</span> <span class='ocrx_word' id='word_1_51' title='bbox 749 1347 806 1424; x_wconf 89' lang='lat' dir='ltr'>ille,</span> <span class='ocrx_word' id='word_1_52' title='bbox 834 1347 904 1423; x_wconf 87' lang='lat' dir='ltr'>quid</span> <span class='ocrx_word' id='word_1_53' title='bbox 929 1349 1045 1407; x_wconf 89' lang='lat' dir='ltr'>intersit</span> <span class='ocrx_word' id='word_1_54' title='bbox 1068 1348 1145 1407; x_wconf 88' lang='lat' dir='ltr'>inter</span> <span class='ocrx_word' id='word_1_55' title='bbox 1167 1334 1286 1423; x_wconf 79' lang='grc' dir='ltr'><strong><em>τρόχος</em></strong></span> <span class='ocrx_word' id='word_1_56' title='bbox 1309 1350 1339 1405; x_wconf 93' lang='lat' dir='ltr'>et</span> 
     </span>
     <span class='ocr_line' id='line_1_9' title="bbox 214 1441 1339 1529; baseline 0 -22"><span class='ocrx_word' id='word_1_57' title='bbox 214 1441 345 1528; x_wconf 85' lang='grc' dir='ltr'><strong><em>τροχός,</em></strong></span> <span class='ocrx_word' id='word_1_58' title='bbox 369 1453 500 1529; x_wconf 83' lang='lat' dir='ltr'><strong>exponit.</strong></span> <span class='ocrx_word' id='word_1_59' title='bbox 533 1452 699 1528; x_wconf 80' lang='lat' dir='ltr'>Utriusque</span> <span class='ocrx_word' id='word_1_60' title='bbox 721 1450 949 1526; x_wconf 85' lang='lat' dir='ltr'>significationis</span> <span class='ocrx_word' id='word_1_61' title='bbox 965 1450 1083 1527; x_wconf 84' lang='lat' dir='ltr'>singula</span> <span class='ocrx_word' id='word_1_62' title='bbox 1099 1450 1235 1524; x_wconf 85' lang='lat' dir='ltr'>exempla</span> <span class='ocrx_word' id='word_1_63' title='bbox 1250 1450 1339 1508; x_wconf 85' lang='lat' dir='ltr'>affert</span> 
     </span>
     <span class='ocr_line' id='line_1_10' title="bbox 214 1542 1337 1629; baseline -0.003 -17"><span class='ocrx_word' id='word_1_64' title='bbox 214 1571 252 1612; x_wconf 84' lang='lat' dir='ltr'>ex</span> <span class='ocrx_word' id='word_1_65' title='bbox 277 1552 430 1629; x_wconf 79' lang='lat' dir='ltr'>Euripide,</span> <span class='ocrx_word' id='word_1_66' title='bbox 459 1554 582 1613; x_wconf 87' lang='lat' dir='ltr'>alterum</span> <span class='ocrx_word' id='word_1_67' title='bbox 607 1552 658 1625; x_wconf 90' lang='lat' dir='ltr'>(ad</span> <span class='ocrx_word' id='word_1_68' title='bbox 682 1542 812 1629; x_wconf 81' lang='grc' dir='ltr'><strong><em>τρόχος)</em></strong></span> <span class='ocrx_word' id='word_1_69' title='bbox 840 1571 877 1612; x_wconf 85' lang='lat' dir='ltr'>ex</span> <span class='ocrx_word' id='word_1_70' title='bbox 899 1553 997 1628; x_wconf 77' lang='lat' dir='ltr'>Alopa</span> <span class='ocrx_word' id='word_1_71' title='bbox 1020 1551 1183 1628; x_wconf 80' lang='lat' dir='ltr'>(lrg.105),</span> <span class='ocrx_word' id='word_1_72' title='bbox 1212 1551 1337 1610; x_wconf 82' lang='lat' dir='ltr'>alterum</span> 
     </span>
     <span class='ocr_line' id='line_1_11' title="bbox 214 1651 1335 1731; baseline -0.004 -16"><span class='ocrx_word' id='word_1_73' title='bbox 214 1675 251 1715; x_wconf 82' lang='lat' dir='ltr'>ex</span> <span class='ocrx_word' id='word_1_74' title='bbox 276 1655 391 1726; x_wconf 84' lang='lat' dir='ltr'>Medea,</span> <span class='ocrx_word' id='word_1_75' title='bbox 414 1675 455 1715; x_wconf 89' lang='lat' dir='ltr'>sc.</span> <span class='ocrx_word' id='word_1_76' title='bbox 471 1656 551 1715; x_wconf 88' lang='lat' dir='ltr'>hunc</span> <span class='ocrx_word' id='word_1_77' title='bbox 574 1656 680 1725; x_wconf 89' lang='lat' dir='ltr'>locum,</span> <span class='ocrx_word' id='word_1_78' title='bbox 703 1656 752 1713; x_wconf 91' lang='lat' dir='ltr'>ubi</span> <span class='ocrx_word' id='word_1_79' title='bbox 768 1654 819 1715; x_wconf 89' lang='lat' dir='ltr'>ille</span> <span class='ocrx_word' id='word_1_80' title='bbox 835 1651 967 1731; x_wconf 79' lang='grc' dir='ltr'><strong><em>τροχῶν</em></strong></span> <span class='ocrx_word' id='word_1_81' title='bbox 983 1655 1090 1730; x_wconf 77' lang='lat' dir='ltr'>legisse</span> <span class='ocrx_word' id='word_1_82' title='bbox 1107 1653 1234 1729; x_wconf 88' lang='lat' dir='ltr'>ridetur,</span> <span class='ocrx_word' id='word_1_83' title='bbox 1256 1652 1335 1728; x_wconf 88' lang='lat' dir='ltr'>quod</span> 
     </span>
     <span class='ocr_line' id='line_1_12' title="bbox 214 1755 1338 1834; baseline -0.003 -18"><span class='ocrx_word' id='word_1_84' title='bbox 214 1776 252 1817; x_wconf 86' lang='lat' dir='ltr'>ex</span> <span class='ocrx_word' id='word_1_85' title='bbox 272 1760 409 1834; x_wconf 82' lang='lat' dir='ltr'>apposito</span> <span class='ocrx_word' id='word_1_86' title='bbox 432 1758 579 1834; x_wconf 63' lang='lat' dir='ltr'>nequitum</span> <span class='ocrx_word' id='word_1_87' title='bbox 603 1758 707 1818; x_wconf 88' lang='lat' dir='ltr'>ultima</span> <span class='ocrx_word' id='word_1_88' title='bbox 726 1758 803 1817; x_wconf 89' lang='lat' dir='ltr'>euim</span> <span class='ocrx_word' id='word_1_89' title='bbox 821 1758 912 1817; x_wconf 89' lang='lat' dir='ltr'>verba</span> <span class='ocrx_word' id='word_1_90' title='bbox 929 1756 1140 1829; x_wconf 85' lang='lat' dir='ltr'>exciderunt¹)</span> <span class='ocrx_word' id='word_1_91' title='bbox 1172 1755 1338 1816; x_wconf 80' lang='lat' dir='ltr'>Scholiasta</span> 
     </span>
     <span class='ocr_line' id='line_1_13' title="bbox 213 1849 1365 1937; baseline -0.003 -18"><span class='ocrx_word' id='word_1_92' title='bbox 213 1859 278 1937; x_wconf 88' lang='lat' dir='ltr'>(qui</span> <span class='ocrx_word' id='word_1_93' title='bbox 301 1860 382 1919; x_wconf 91' lang='lat' dir='ltr'>illum</span> <span class='ocrx_word' id='word_1_94' title='bbox 407 1861 506 1920; x_wconf 92' lang='lat' dir='ltr'>locum</span> <span class='ocrx_word' id='word_1_95' title='bbox 529 1859 629 1931; x_wconf 78' lang='lat' dir='ltr'>affert)</span> <span class='ocrx_word' id='word_1_96' title='bbox 652 1849 794 1936; x_wconf 81' lang='grc' dir='ltr'><strong><em>τρόχους</em></strong></span> <span class='ocrx_word' id='word_1_97' title='bbox 815 1859 1034 1935; x_wconf 85' lang='lat' dir='ltr'>intellegendos</span> <span class='ocrx_word' id='word_1_98' title='bbox 1056 1877 1120 1920; x_wconf 89' lang='lat' dir='ltr'>esse</span> <span class='ocrx_word' id='word_1_99' title='bbox 1144 1857 1224 1917; x_wconf 85' lang='lat' dir='ltr'>dicit</span> <span class='ocrx_word' id='word_1_100' title='bbox 1266 1857 1337 1916; x_wconf 85' lang='lat' dir='ltr'>Mihi</span> <span class='ocrx_word' id='word_1_101' title='bbox 1362 1902 1365 1908; x_wconf 89' lang='lat'>.</span> 
     </span>
     <span class='ocr_line' id='line_1_14' title="bbox 214 1956 1337 2040; baseline -0.003 -20"><span class='ocrx_word' id='word_1_102' title='bbox 214 1981 289 2021; x_wconf 82' lang='lat' dir='ltr'>vero</span> <span class='ocrx_word' id='word_1_103' title='bbox 314 1964 360 2022; x_wconf 89' lang='lat' dir='ltr'>hic</span> <span class='ocrx_word' id='word_1_104' title='bbox 382 1963 556 2040; x_wconf 81' lang='lat' dir='ltr'>Tryphonis</span> <span class='ocrx_word' id='word_1_105' title='bbox 578 1964 725 2023; x_wconf 88' lang='lat' dir='ltr'>sententia</span> <span class='ocrx_word' id='word_1_106' title='bbox 748 1962 904 2039; x_wconf 86' lang='lat' dir='ltr'>probanda</span> <span class='ocrx_word' id='word_1_107' title='bbox 930 1962 1058 2039; x_wconf 88' lang='lat' dir='ltr'>ideoque</span> <span class='ocrx_word' id='word_1_108' title='bbox 1083 1956 1218 2038; x_wconf 88' lang='grc' dir='ltr'><strong><em>τροχῶν</em></strong></span> <span class='ocrx_word' id='word_1_109' title='bbox 1239 1961 1337 2036; x_wconf 85' lang='lat' dir='ltr'>legen·</span> 
     </span>
     <span class='ocr_line' id='line_1_15' title="bbox 213 2064 1336 2142; baseline -0.002 -19"><span class='ocrx_word' id='word_1_110' title='bbox 213 2064 285 2123; x_wconf 90' lang='lat' dir='ltr'>dum</span> <span class='ocrx_word' id='word_1_111' title='bbox 311 2084 375 2125; x_wconf 89' lang='lat' dir='ltr'>esse</span> <span class='ocrx_word' id='word_1_112' title='bbox 398 2066 517 2125; x_wconf 83' lang='lat' dir='ltr'>ridetur</span> <span class='ocrx_word' id='word_1_113' title='bbox 540 2072 709 2142; x_wconf 87' lang='lat' dir='ltr'>propterea,</span> <span class='ocrx_word' id='word_1_114' title='bbox 732 2065 803 2140; x_wconf 85' lang='lat' dir='ltr'>quia</span> <span class='ocrx_word' id='word_1_115' title='bbox 826 2066 969 2124; x_wconf 89' lang='lat' dir='ltr'>nutricem</span> <span class='ocrx_word' id='word_1_116' title='bbox 993 2071 1065 2140; x_wconf 91' lang='lat' dir='ltr'>puto</span> <span class='ocrx_word' id='word_1_117' title='bbox 1081 2083 1117 2124; x_wconf 82' lang='lat' dir='ltr'>ex</span> <span class='ocrx_word' id='word_1_118' title='bbox 1134 2065 1198 2140; x_wconf 90' lang='lat' dir='ltr'>ipso</span> <span class='ocrx_word' id='word_1_119' title='bbox 1214 2069 1336 2139; x_wconf 86' lang='lat' dir='ltr'>aspectu</span> 
     </span>
     <span class='ocr_line' id='line_1_16' title="bbox 213 2166 1337 2244; baseline -0.004 -17"><span class='ocrx_word' id='word_1_120' title='bbox 213 2172 307 2244; x_wconf 85' lang='lat' dir='ltr'>atquc</span> <span class='ocrx_word' id='word_1_121' title='bbox 334 2167 439 2227; x_wconf 90' lang='lat' dir='ltr'>habitu</span> <span class='ocrx_word' id='word_1_122' title='bbox 470 2187 629 2243; x_wconf 86' lang='lat' dir='ltr'>puerorum</span> <span class='ocrx_word' id='word_1_123' title='bbox 660 2168 846 2244; x_wconf 83' lang='lat' dir='ltr'>cognovisse,</span> <span class='ocrx_word' id='word_1_124' title='bbox 871 2166 950 2226; x_wconf 90' lang='lat' dir='ltr'>uude</span> <span class='ocrx_word' id='word_1_125' title='bbox 976 2168 1125 2227; x_wconf 86' lang='lat' dir='ltr'>venirent.</span> <span class='ocrx_word' id='word_1_126' title='bbox 1168 2167 1337 2240; x_wconf 84' lang='lat' dir='ltr'>Praeterea,</span> 
     </span>
     <span class='ocr_line' id='line_1_17' title="bbox 215 2268 1336 2347; baseline -0.003 -19"><span class='ocrx_word' id='word_1_127' title='bbox 215 2269 331 2329; x_wconf 88' lang='lat' dir='ltr'>simodo</span> <span class='ocrx_word' id='word_1_128' title='bbox 355 2268 515 2347; x_wconf 79' lang='lat' dir='ltr'>Euripides</span> <span class='ocrx_word' id='word_1_129' title='bbox 546 2289 583 2330; x_wconf 84' lang='lat' dir='ltr'>ex</span> <span class='ocrx_word' id='word_1_130' title='bbox 613 2273 696 2329; x_wconf 87' lang='lat' dir='ltr'>certa</span> <span class='ocrx_word' id='word_1_131' title='bbox 726 2269 798 2328; x_wconf 87' lang='lat' dir='ltr'>artis</span> <span class='ocrx_word' id='word_1_132' title='bbox 827 2270 943 2329; x_wconf 86' lang='lat' dir='ltr'>ratione</span> <span class='ocrx_word' id='word_1_133' title='bbox 966 2288 1125 2345; x_wconf 90' lang='lat' dir='ltr'>puerorum</span> <span class='ocrx_word' id='word_1_134' title='bbox 1150 2269 1336 2327; x_wconf 86' lang='lat' dir='ltr'>temerariam</span> 
     </span>
     <span class='ocr_line' id='line_1_18' title="bbox 214 2370 1337 2450; baseline -0.003 -20"><span class='ocrx_word' id='word_1_135' title='bbox 214 2372 358 2431; x_wconf 79' lang='lat' dir='ltr'>laetitiam</span> <span class='ocrx_word' id='word_1_136' title='bbox 383 2392 537 2450; x_wconf 88' lang='lat' dir='ltr'>opponere</span> <span class='ocrx_word' id='word_1_137' title='bbox 554 2373 672 2432; x_wconf 88' lang='lat' dir='ltr'>volebat</span> <span class='ocrx_word' id='word_1_138' title='bbox 687 2372 782 2432; x_wconf 80' lang='lat' dir='ltr'>furori</span> <span class='ocrx_word' id='word_1_139' title='bbox 799 2373 1010 2448; x_wconf 84' lang='lat' dir='ltr'>aerumnisque</span> <span class='ocrx_word' id='word_1_140' title='bbox 1027 2371 1159 2447; x_wconf 80' lang='lat' dir='ltr'>Medeae,</span> <span class='ocrx_word' id='word_1_141' title='bbox 1181 2370 1337 2446; x_wconf 81' lang='lat' dir='ltr'>probabile</span> 
     </span>
     <span class='ocr_line' id='line_1_19' title="bbox 213 2473 1337 2552; baseline -0.003 -17"><span class='ocrx_word' id='word_1_142' title='bbox 213 2483 260 2535; x_wconf 88' lang='lat' dir='ltr'>est</span> <span class='ocrx_word' id='word_1_143' title='bbox 291 2495 356 2535; x_wconf 87' lang='lat' dir='ltr'>eum</span> <span class='ocrx_word' id='word_1_144' title='bbox 388 2477 445 2535; x_wconf 92' lang='lat' dir='ltr'>hoc</span> <span class='ocrx_word' id='word_1_145' title='bbox 472 2493 593 2552; x_wconf 85' lang='lat' dir='ltr'>quoque</span> <span class='ocrx_word' id='word_1_146' title='bbox 616 2476 749 2535; x_wconf 86' lang='lat' dir='ltr'>finxisse:</span> <span class='ocrx_word' id='word_1_147' title='bbox 783 2493 894 2552; x_wconf 87' lang='lat' dir='ltr'>pueros</span> <span class='ocrx_word' id='word_1_148' title='bbox 918 2494 983 2534; x_wconf 90' lang='lat' dir='ltr'>cum</span> <span class='ocrx_word' id='word_1_149' title='bbox 1007 2474 1079 2550; x_wconf 91' lang='lat' dir='ltr'>ipsis</span> <span class='ocrx_word' id='word_1_150' title='bbox 1101 2473 1214 2534; x_wconf 90' lang='lat' dir='ltr'>trochis</span> <span class='ocrx_word' id='word_1_151' title='bbox 1236 2492 1272 2533; x_wconf 79' lang='lat' dir='ltr'>ex</span> <span class='ocrx_word' id='word_1_152' title='bbox 1295 2474 1337 2532; x_wconf 92' lang='lat' dir='ltr'>lu·</span> 
     </span>
     <span class='ocr_line' id='line_1_20' title="bbox 214 2576 1337 2660; baseline -0.001 -25"><span class='ocrx_word' id='word_1_153' title='bbox 214 2577 316 2637; x_wconf 88' lang='lat' dir='ltr'>dendo</span> <span class='ocrx_word' id='word_1_154' title='bbox 348 2579 443 2638; x_wconf 88' lang='lat' dir='ltr'>laetos</span> <span class='ocrx_word' id='word_1_155' title='bbox 473 2580 502 2638; x_wconf 91' lang='lat' dir='ltr'>in</span> <span class='ocrx_word' id='word_1_156' title='bbox 534 2596 673 2637; x_wconf 79' lang='lat' dir='ltr'>scaenam</span> <span class='ocrx_word' id='word_1_157' title='bbox 695 2585 918 2660; x_wconf 82' lang='lat' dir='ltr'>procurrentes.</span> <span class='ocrx_word' id='word_1_158' title='bbox 963 2576 1062 2650; x_wconf 82' lang='lat' dir='ltr'>Quid?</span> <span class='ocrx_word' id='word_1_159' title='bbox 1089 2595 1189 2635; x_wconf 91' lang='lat' dir='ltr'>noune</span> <span class='ocrx_word' id='word_1_160' title='bbox 1213 2594 1337 2635; x_wconf 88' lang='lat' dir='ltr'>consen·</span> 
     </span>
     <span class='ocr_line' id='line_1_21' title="bbox 213 2677 1336 2756; baseline -0.004 -16"><span class='ocrx_word' id='word_1_161' title='bbox 213 2685 335 2741; x_wconf 85' lang='lat' dir='ltr'>tansum</span> <span class='ocrx_word' id='word_1_162' title='bbox 358 2690 406 2740; x_wconf 88' lang='lat' dir='ltr'>est</span> <span class='ocrx_word' id='word_1_163' title='bbox 427 2681 564 2755; x_wconf 87' lang='lat' dir='ltr'>artifices,</span> <span class='ocrx_word' id='word_1_164' title='bbox 594 2682 645 2756; x_wconf 90' lang='lat' dir='ltr'>qui</span> <span class='ocrx_word' id='word_1_165' title='bbox 676 2681 845 2756; x_wconf 81' lang='lat' dir='ltr'>saepissime</span> <span class='ocrx_word' id='word_1_166' title='bbox 869 2680 991 2739; x_wconf 88' lang='lat' dir='ltr'>Medeae</span> <span class='ocrx_word' id='word_1_167' title='bbox 1022 2679 1132 2739; x_wconf 87' lang='lat' dir='ltr'>liberos</span> <span class='ocrx_word' id='word_1_168' title='bbox 1154 2697 1276 2738; x_wconf 87' lang='lat' dir='ltr'>securos</span> <span class='ocrx_word' id='word_1_169' title='bbox 1298 2677 1336 2737; x_wconf 92' lang='lat' dir='ltr'>ad</span> 
     </span>
     <span class='ocr_line' id='line_1_22' title="bbox 214 2780 1336 2859; baseline -0.002 -18"><span class='ocrx_word' id='word_1_170' title='bbox 214 2784 317 2842; x_wconf 82' lang='lat' dir='ltr'>matris</span> <span class='ocrx_word' id='word_1_171' title='bbox 349 2783 404 2842; x_wconf 88' lang='lat' dir='ltr'>sibi</span> <span class='ocrx_word' id='word_1_172' title='bbox 437 2782 647 2842; x_wconf 87' lang='lat' dir='ltr'>infestissimae</span> <span class='ocrx_word' id='word_1_173' title='bbox 676 2782 768 2859; x_wconf 84' lang='lat' dir='ltr'>pedes</span> <span class='ocrx_word' id='word_1_174' title='bbox 793 2781 930 2842; x_wconf 88' lang='lat' dir='ltr'>ludentes</span> <span class='ocrx_word' id='word_1_175' title='bbox 954 2782 1112 2851; x_wconf 80' lang='lat' dir='ltr'>finxerunt,</span> <span class='ocrx_word' id='word_1_176' title='bbox 1141 2780 1235 2857; x_wconf 86' lang='lat' dir='ltr'>ipsam</span> <span class='ocrx_word' id='word_1_177' title='bbox 1260 2781 1336 2839; x_wconf 87' lang='lat' dir='ltr'>hauc</span> 
     </span>
     <span class='ocr_line' id='line_1_23' title="bbox 214 2884 1337 2961; baseline -0.004 -16"><span class='ocrx_word' id='word_1_178' title='bbox 214 2885 408 2961; x_wconf 78' lang='lat' dir='ltr'>Euripideum</span> <span class='ocrx_word' id='word_1_179' title='bbox 439 2904 575 2944; x_wconf 83' lang='lat' dir='ltr'>scaenam</span> <span class='ocrx_word' id='word_1_180' title='bbox 606 2892 677 2945; x_wconf 78' lang='lat' dir='ltr'>anto</span> <span class='ocrx_word' id='word_1_181' title='bbox 707 2886 810 2945; x_wconf 88' lang='lat' dir='ltr'>oculos</span> <span class='ocrx_word' id='word_1_182' title='bbox 840 2885 1001 2945; x_wconf 78' lang='lat' dir='ltr'>habuisse?</span> <span class='ocrx_word' id='word_1_183' title='bbox 1046 2885 1128 2944; x_wconf 89' lang='lat' dir='ltr'>luter</span> <span class='ocrx_word' id='word_1_184' title='bbox 1154 2901 1230 2959; x_wconf 86' lang='lat' dir='ltr'>quos</span> <span class='ocrx_word' id='word_1_185' title='bbox 1256 2884 1337 2943; x_wconf 90' lang='lat' dir='ltr'>nohi-</span> 
     </span>
     <span class='ocr_line' id='line_1_24' title="bbox 214 2985 1337 3064; baseline -0.003 -16"><span class='ocrx_word' id='word_1_186' title='bbox 214 2989 343 3048; x_wconf 89' lang='lat' dir='ltr'>lissimus</span> <span class='ocrx_word' id='word_1_187' title='bbox 376 2988 432 3047; x_wconf 86' lang='lat' dir='ltr'>fuit</span> <span class='ocrx_word' id='word_1_188' title='bbox 454 2988 674 3058; x_wconf 79' lang='lat' dir='ltr'>Timomachus,</span> <span class='ocrx_word' id='word_1_189' title='bbox 704 2989 753 3064; x_wconf 88' lang='lat' dir='ltr'>qni</span> <span class='ocrx_word' id='word_1_190' title='bbox 783 3006 894 3064; x_wconf 89' lang='lat' dir='ltr'>pueros</span> <span class='ocrx_word' id='word_1_191' title='bbox 923 2987 1081 3062; x_wconf 87' lang='lat' dir='ltr'>astragalis</span> <span class='ocrx_word' id='word_1_192' title='bbox 1111 2985 1250 3046; x_wconf 86' lang='lat' dir='ltr'>ludentes</span> <span class='ocrx_word' id='word_1_193' title='bbox 1272 2987 1337 3063; x_wconf 91' lang='lat' dir='ltr'>pin·</span> 
     </span>
     <span class='ocr_line' id='line_1_25' title="bbox 214 3085 1338 3168; baseline -0.003 -18"><span class='ocrx_word' id='word_1_194' title='bbox 214 3085 347 3168; x_wconf 73' lang='lat' dir='ltr'>xerat32)</span> <span class='ocrx_word' id='word_1_195' title='bbox 380 3091 461 3167; x_wconf 86' lang='lat' dir='ltr'>quod</span> <span class='ocrx_word' id='word_1_196' title='bbox 496 3096 701 3166; x_wconf 87' lang='lat' dir='ltr'>argumentum</span> <span class='ocrx_word' id='word_1_197' title='bbox 736 3091 764 3150; x_wconf 91' lang='lat' dir='ltr'>io</span> <span class='ocrx_word' id='word_1_198' title='bbox 799 3091 963 3166; x_wconf 87' lang='lat' dir='ltr'>parietibus</span> <span class='ocrx_word' id='word_1_199' title='bbox 999 3089 1274 3149; x_wconf 87' lang='lat' dir='ltr'>llerculaneusibns</span> <span class='ocrx_word' id='word_1_200' title='bbox 1308 3094 1338 3147; x_wconf 91' lang='lat' dir='ltr'>et</span> 
     </span>
     <span class='ocr_line' id='line_1_26' title="bbox 213 3191 1336 3272; baseline 0 -21"><span class='ocrx_word' id='word_1_201' title='bbox 213 3194 403 3272; x_wconf 84' lang='lat' dir='ltr'>Pompeianis</span> <span class='ocrx_word' id='word_1_202' title='bbox 435 3191 599 3264; x_wconf 77' lang='lat' dir='ltr'>recurrit.³)</span> <span class='ocrx_word' id='word_1_203' title='bbox 644 3194 677 3252; x_wconf 91' lang='lat' dir='ltr'>lu</span> <span class='ocrx_word' id='word_1_204' title='bbox 708 3193 901 3269; x_wconf 84' lang='lat' dir='ltr'>sarcophagis</span> <span class='ocrx_word' id='word_1_205' title='bbox 933 3193 1071 3252; x_wconf 82' lang='lat' dir='ltr'>Romanis</span> <span class='ocrx_word' id='word_1_206' title='bbox 1098 3192 1182 3269; x_wconf 85' lang='lat' dir='ltr'>pueri</span> <span class='ocrx_word' id='word_1_207' title='bbox 1211 3192 1273 3267; x_wconf 88' lang='lat' dir='ltr'>pila</span> <span class='ocrx_word' id='word_1_208' title='bbox 1295 3191 1336 3251; x_wconf 88' lang='lat' dir='ltr'>ln·</span> 
     </span>
    </p>
   </div>
   <div class='ocr_carea' id='block_1_3' title="bbox 212 3372 1338 4467">
    <p class='ocr_par' dir='ltr' id='par_1_3' title="bbox 212 3372 1338 4204">
     <span class='ocr_line' id='line_1_27' title="bbox 301 3372 1336 3443; baseline -0.001 -16"><span class='ocrx_word' id='word_1_209' title='bbox 301 3376 322 3442; x_wconf 87' lang='lat'>¹)</span> <span class='ocrx_word' id='word_1_210' title='bbox 341 3373 387 3428; x_wconf 86' lang='lat' dir='ltr'>Sic</span> <span class='ocrx_word' id='word_1_211' title='bbox 404 3372 553 3427; x_wconf 86' lang='lat' dir='ltr'>Elmsleius</span> <span class='ocrx_word' id='word_1_212' title='bbox 577 3389 688 3443; x_wconf 86' lang='lat' dir='ltr'>quoque</span> <span class='ocrx_word' id='word_1_213' title='bbox 712 3373 802 3427; x_wconf 90' lang='lat' dir='ltr'>locum</span> <span class='ocrx_word' id='word_1_214' title='bbox 822 3372 959 3428; x_wconf 86' lang='lat' dir='ltr'>intellexit</span> <span class='ocrx_word' id='word_1_215' title='bbox 982 3373 1029 3441; x_wconf 89' lang='lat' dir='ltr'>(ad</span> <span class='ocrx_word' id='word_1_216' title='bbox 1047 3373 1139 3441; x_wconf 87' lang='lat' dir='ltr'>Eurip.</span> <span class='ocrx_word' id='word_1_217' title='bbox 1152 3372 1224 3427; x_wconf 91' lang='lat' dir='ltr'>Med.</span> <span class='ocrx_word' id='word_1_218' title='bbox 1242 3388 1269 3440; x_wconf 90' lang='lat' dir='ltr'>p.</span> <span class='ocrx_word' id='word_1_219' title='bbox 1283 3374 1336 3439; x_wconf 70' lang='grc' dir='ltr'>ιι).</span> 
     </span>
     <span class='ocr_line' id='line_1_28' title="bbox 213 3449 1338 3527; baseline -0.001 -15"><span class='ocrx_word' id='word_1_220' title='bbox 213 3458 355 3514; x_wconf 83' lang='lat' dir='ltr'>Marrchios</span> <span class='ocrx_word' id='word_1_221' title='bbox 374 3473 441 3513; x_wconf 84' lang='lat' dir='ltr'>vero</span> <span class='ocrx_word' id='word_1_222' title='bbox 467 3464 611 3527; x_wconf 71' lang='lat' dir='ltr'>sinumque</span> <span class='ocrx_word' id='word_1_223' title='bbox 630 3458 785 3526; x_wconf 83' lang='lat' dir='ltr'>exemplum</span> <span class='ocrx_word' id='word_1_224' title='bbox 809 3459 844 3512; x_wconf 83' lang='lat' dir='ltr'>ad</span> <span class='ocrx_word' id='word_1_225' title='bbox 863 3449 968 3527; x_wconf 84' lang='grc' dir='ltr'><strong><em>τρόχος</em></strong></span> <span class='ocrx_word' id='word_1_226' title='bbox 986 3457 1157 3513; x_wconf 83' lang='lat' dir='ltr'>referendum</span> <span class='ocrx_word' id='word_1_227' title='bbox 1176 3463 1280 3525; x_wconf 88' lang='lat' dir='ltr'>censet,</span> <span class='ocrx_word' id='word_1_228' title='bbox 1306 3463 1338 3511; x_wconf 91' lang='lat' dir='ltr'>ut</span> 
     </span>
     <span class='ocr_line' id='line_1_29' title="bbox 213 3542 1336 3613; baseline -0.003 -16"><span class='ocrx_word' id='word_1_229' title='bbox 213 3544 279 3597; x_wconf 89' lang='lat' dir='ltr'>mihi</span> <span class='ocrx_word' id='word_1_230' title='bbox 300 3544 416 3610; x_wconf 88' lang='lat' dir='ltr'>ridetur,</span> <span class='ocrx_word' id='word_1_231' title='bbox 440 3543 521 3612; x_wconf 86' lang='lat' dir='ltr'>plane</span> <span class='ocrx_word' id='word_1_232' title='bbox 538 3558 670 3611; x_wconf 87' lang='lat' dir='ltr'>perverse</span> <span class='ocrx_word' id='word_1_233' title='bbox 688 3543 735 3610; x_wconf 88' lang='lat' dir='ltr'>(ad</span> <span class='ocrx_word' id='word_1_234' title='bbox 753 3542 836 3612; x_wconf 82' lang='lat' dir='ltr'>Alop.</span> <span class='ocrx_word' id='word_1_235' title='bbox 855 3543 906 3613; x_wconf 84' lang='lat' dir='ltr'>frg.</span> <span class='ocrx_word' id='word_1_236' title='bbox 921 3548 987 3607; x_wconf 77' lang='lat'><strong>105).</strong></span> <span class='ocrx_word' id='word_1_237' title='bbox 1015 3544 1066 3608; x_wconf 84' lang='lat' dir='ltr'>Qui</span> <span class='ocrx_word' id='word_1_238' title='bbox 1084 3558 1146 3597; x_wconf 91' lang='lat' dir='ltr'>cnm</span> <span class='ocrx_word' id='word_1_239' title='bbox 1164 3542 1254 3596; x_wconf 85' lang='lat' dir='ltr'>locum</span> <span class='ocrx_word' id='word_1_240' title='bbox 1267 3542 1336 3611; x_wconf 75' lang='lat' dir='ltr'>&#39;luy-</span> 
     </span>
     <span class='ocr_line' id='line_1_30' title="bbox 212 3629 1336 3698; baseline -0.002 -15"><span class='ocrx_word' id='word_1_241' title='bbox 212 3630 315 3698; x_wconf 86' lang='lat' dir='ltr'>phouls</span> <span class='ocrx_word' id='word_1_242' title='bbox 334 3630 372 3683; x_wconf 89' lang='lat' dir='ltr'>ita</span> <span class='ocrx_word' id='word_1_243' title='bbox 388 3629 559 3684; x_wconf 90' lang='lat' dir='ltr'>decurtatum</span> <span class='ocrx_word' id='word_1_244' title='bbox 578 3630 787 3697; x_wconf 81' lang='lat' dir='ltr'>transcripserit,</span> <span class='ocrx_word' id='word_1_245' title='bbox 810 3635 902 3684; x_wconf 85' lang='lat' dir='ltr'>utres</span> <span class='ocrx_word' id='word_1_246' title='bbox 921 3646 955 3684; x_wconf 84' lang='lat' dir='ltr'>cx</span> <span class='ocrx_word' id='word_1_247' title='bbox 974 3646 1008 3684; x_wconf 90' lang='lat' dir='ltr'>eo</span> <span class='ocrx_word' id='word_1_248' title='bbox 1026 3645 1082 3682; x_wconf 88' lang='lat' dir='ltr'>uon</span> <span class='ocrx_word' id='word_1_249' title='bbox 1100 3629 1191 3697; x_wconf 91' lang='lat' dir='ltr'>possit</span> <span class='ocrx_word' id='word_1_250' title='bbox 1208 3629 1336 3696; x_wconf 88' lang='lat' dir='ltr'>perspici,</span> 
     </span>
     <span class='ocr_line' id='line_1_31' title="bbox 212 3709 1337 3783; baseline -0.004 -14"><span class='ocrx_word' id='word_1_251' title='bbox 212 3720 302 3770; x_wconf 90' lang='lat' dir='ltr'>totum</span> <span class='ocrx_word' id='word_1_252' title='bbox 326 3731 438 3783; x_wconf 86' lang='lat' dir='ltr'>appono</span> <span class='ocrx_word' id='word_1_253' title='bbox 463 3714 553 3769; x_wconf 87' lang='lat' dir='ltr'>locum</span> <span class='ocrx_word' id='word_1_254' title='bbox 576 3716 621 3782; x_wconf 84' lang='lat' dir='ltr'>(ex</span> <span class='ocrx_word' id='word_1_255' title='bbox 646 3715 774 3768; x_wconf 88' lang='lat' dir='ltr'>Ammon.</span> <span class='ocrx_word' id='word_1_256' title='bbox 797 3715 832 3768; x_wconf 92' lang='lat' dir='ltr'>de</span> <span class='ocrx_word' id='word_1_257' title='bbox 855 3714 912 3768; x_wconf 85' lang='lat' dir='ltr'>diff.</span> <span class='ocrx_word' id='word_1_258' title='bbox 931 3731 991 3769; x_wconf 84' lang='lat' dir='ltr'>roc.</span> <span class='ocrx_word' id='word_1_259' title='bbox 1009 3731 1037 3783; x_wconf 94' lang='lat' dir='ltr'>p.</span> <span class='ocrx_word' id='word_1_260' title='bbox 1051 3716 1122 3783; x_wconf 81' lang='lat'><strong>137):</strong></span> <span class='ocrx_word' id='word_1_261' title='bbox 1147 3745 1181 3752; x_wconf 92' lang='lat'><em>-</em></span> <span class='ocrx_word' id='word_1_262' title='bbox 1198 3709 1265 3778; x_wconf 71' lang='grc' dir='ltr'><strong><em>τοὺς</em></strong></span> <span class='ocrx_word' id='word_1_263' title='bbox 1281 3711 1337 3779; x_wconf 75' lang='grc' dir='ltr'><strong><em>μὲν</em></strong></span> 
     </span>
     <span class='ocr_line' id='line_1_32' title="bbox 214 3792 1335 3870; baseline -0.003 -16"><span class='ocrx_word' id='word_1_264' title='bbox 214 3795 269 3868; x_wconf 81' lang='grc' dir='ltr'>χίιρ</span> <span class='ocrx_word' id='word_1_265' title='bbox 296 3806 465 3868; x_wconf 82' lang='grc' dir='ltr'><strong><em>περιφερεῖς</em></strong></span> <span class='ocrx_word' id='word_1_266' title='bbox 499 3795 621 3868; x_wconf 81' lang='grc' dir='ltr'><strong><em>τροχοὺς</em></strong></span> <span class='ocrx_word' id='word_1_267' title='bbox 655 3792 763 3866; x_wconf 76' lang='grc' dir='ltr'><strong><em>ὁμοίοις</em></strong></span> <span class='ocrx_word' id='word_1_268' title='bbox 794 3794 862 3868; x_wconf 66' lang='grc' dir='ltr'><strong><em>ἡμῖν</em></strong></span> <span class='ocrx_word' id='word_1_269' title='bbox 890 3796 1085 3870; x_wconf 77' lang='grc' dir='ltr'><strong><em>προφέρονται</em></strong></span> <span class='ocrx_word' id='word_1_270' title='bbox 1116 3792 1335 3862; x_wconf 82' lang='grc' dir='ltr'><strong><em>όξυτονοῦντες·</em></strong></span> 
     </span>
     <span class='ocr_line' id='line_1_33' title="bbox 213 3878 1335 3954; baseline 0.001 -19"><span class='ocrx_word' id='word_1_271' title='bbox 213 3879 336 3953; x_wconf 87' lang='grc' dir='ltr'><strong><em>τρόχους</em></strong></span> <span class='ocrx_word' id='word_1_272' title='bbox 361 3881 391 3938; x_wconf 77' lang='grc' dir='ltr'>δὲ</span> <span class='ocrx_word' id='word_1_273' title='bbox 416 3880 584 3954; x_wconf 82' lang='grc' dir='ltr'><strong><em>βαρυτόνιος</em></strong></span> <span class='ocrx_word' id='word_1_274' title='bbox 607 3879 723 3953; x_wconf 78' lang='grc' dir='ltr'><strong><em>λέγουσι</em></strong></span> <span class='ocrx_word' id='word_1_275' title='bbox 748 3879 815 3947; x_wconf 84' lang='grc' dir='ltr'><strong><em>τοὺς</em></strong></span> <span class='ocrx_word' id='word_1_276' title='bbox 833 3880 967 3954; x_wconf 75' lang='grc' dir='ltr'><strong><em>δρόμοις·</em></strong></span> <span class='ocrx_word' id='word_1_277' title='bbox 993 3878 1253 3953; x_wconf 78' lang='grc' dir='ltr'><strong><em>ἀναγιγνώσκομεν</em></strong></span> <span class='ocrx_word' id='word_1_278' title='bbox 1271 3879 1335 3952; x_wconf 80' lang='grc' dir='ltr'>γάρ,</span> 
     </span>
     <span class='ocr_line' id='line_1_34' title="bbox 213 3962 1335 4040; baseline 0 -18"><span class='ocrx_word' id='word_1_279' title='bbox 213 3962 251 4032; x_wconf 81' lang='grc' dir='ltr'>ῶς</span> <span class='ocrx_word' id='word_1_280' title='bbox 270 3987 367 4037; x_wconf 83' lang='grc' dir='ltr'><strong><em>φησιν,</em></strong></span> <span class='ocrx_word' id='word_1_281' title='bbox 387 3963 418 4024; x_wconf 76' lang='grc' dir='ltr'><strong><em>ἐν</em></strong></span> <span class='ocrx_word' id='word_1_282' title='bbox 435 3967 491 4036; x_wconf 74' lang='grc' dir='ltr'><strong><em>μὲν</em></strong></span> <span class='ocrx_word' id='word_1_283' title='bbox 505 3964 605 4038; x_wconf 68' lang='grc' dir='ltr'><strong><em>Ἀλόπῃ</em></strong></span> <span class='ocrx_word' id='word_1_284' title='bbox 624 3965 795 4040; x_wconf 72' lang='grc' dir='ltr'><strong><em>Εὐριπίδου·</em></strong></span> <span class='ocrx_word' id='word_1_285' title='bbox 808 3964 881 4039; x_wconf 86' lang='grc' dir='ltr'>Ὸρῶ</span> <span class='ocrx_word' id='word_1_286' title='bbox 899 3967 954 4035; x_wconf 77' lang='grc' dir='ltr'><strong><em>μὲν</em></strong></span> <span class='ocrx_word' id='word_1_287' title='bbox 973 3964 1085 4038; x_wconf 75' lang='grc' dir='ltr'><strong><em>ἀνδρῶν</em></strong></span> <span class='ocrx_word' id='word_1_288' title='bbox 1103 3965 1186 4023; x_wconf 83' lang='grc' dir='ltr'><strong><em>τόνδε</em></strong></span> <span class='ocrx_word' id='word_1_289' title='bbox 1206 3965 1335 4038; x_wconf 80' lang='grc' dir='ltr'><strong><em>γυμνάδα</em></strong></span> 
     </span>
     <span class='ocr_line' id='line_1_35' title="bbox 213 4049 1334 4129; baseline -0.003 -19"><span class='ocrx_word' id='word_1_290' title='bbox 213 4051 320 4110; x_wconf 85' lang='grc' dir='ltr'><strong><em>στόλον</em></strong></span> <span class='ocrx_word' id='word_1_291' title='bbox 335 4061 339 4123; x_wconf 84' lang='grc' dir='ltr'>Ι</span> <span class='ocrx_word' id='word_1_292' title='bbox 356 4053 507 4124; x_wconf 87' lang='grc' dir='ltr'><strong><em>στείχοντα</em></strong></span> <span class='ocrx_word' id='word_1_293' title='bbox 529 4049 648 4125; x_wconf 78' lang='grc' dir='ltr'><strong><em>θεωρὸν</em></strong></span> <span class='ocrx_word' id='word_1_294' title='bbox 672 4051 706 4111; x_wconf 80' lang='grc' dir='ltr'>ἐκ</span> <span class='ocrx_word' id='word_1_295' title='bbox 732 4051 845 4125; x_wconf 85' lang='grc' dir='ltr'><strong><em>τρόχιον</em></strong></span> <span class='ocrx_word' id='word_1_296' title='bbox 868 4053 1066 4123; x_wconf 71' lang='grc' dir='ltr'><strong><em>πεπαυμένον·</em></strong></span> <span class='ocrx_word' id='word_1_297' title='bbox 1095 4049 1126 4110; x_wconf 79' lang='grc' dir='ltr'><strong><em>ἐν</em></strong></span> <span class='ocrx_word' id='word_1_298' title='bbox 1150 4053 1180 4110; x_wconf 75' lang='lat' dir='ltr'>ol</span> <span class='ocrx_word' id='word_1_299' title='bbox 1209 4055 1334 4129; x_wconf 77' lang='grc' dir='ltr'><strong><em>Μηδείᾳ·</em></strong></span> 
     </span>
     <span class='ocr_line' id='line_1_36' title="bbox 213 4133 547 4204; baseline 0 -10"><span class='ocrx_word' id='word_1_300' title='bbox 213 4134 292 4194; x_wconf 76' lang='grc' dir='ltr'><strong><em>Ἀλλὰ</em></strong></span> <span class='ocrx_word' id='word_1_301' title='bbox 311 4133 371 4193; x_wconf 74' lang='grc' dir='ltr'><strong><em>οἵδε</em></strong></span> <span class='ocrx_word' id='word_1_302' title='bbox 390 4143 489 4204; x_wconf 86' lang='grc' dir='ltr'><strong><em>παῖδες</em></strong></span> <span class='ocrx_word' id='word_1_303' title='bbox 506 4171 547 4194; x_wconf 89' lang='grc'>-.</span> 
     </span>
    </p>

    <p class='ocr_par' dir='ltr' id='par_1_4' title="bbox 213 4225 1335 4380">
     <span class='ocr_line' id='line_1_37' title="bbox 298 4225 1335 4296; baseline 0.001 -18"><span class='ocrx_word' id='word_1_304' title='bbox 298 4228 321 4293; x_wconf 83' lang='lat'>¹)</span> <span class='ocrx_word' id='word_1_305' title='bbox 340 4225 375 4279; x_wconf 81' lang='lat' dir='ltr'>cl.</span> <span class='ocrx_word' id='word_1_306' title='bbox 388 4227 456 4280; x_wconf 91' lang='lat' dir='ltr'>Pliu.</span> <span class='ocrx_word' id='word_1_307' title='bbox 474 4243 501 4279; x_wconf 87' lang='lat' dir='ltr'>u.</span> <span class='ocrx_word' id='word_1_308' title='bbox 514 4227 540 4280; x_wconf 92' lang='lat' dir='ltr'>h.</span> <span class='ocrx_word' id='word_1_309' title='bbox 553 4233 575 4292; x_wconf 81' lang='lat'>7,</span> <span class='ocrx_word' id='word_1_310' title='bbox 590 4231 644 4280; x_wconf 76' lang='lat' dir='ltr'>lto.</span> <span class='ocrx_word' id='word_1_311' title='bbox 663 4232 704 4295; x_wconf 81' lang='lat'>35,</span> <span class='ocrx_word' id='word_1_312' title='bbox 715 4231 772 4294; x_wconf 76' lang='lat'>128,</span> <span class='ocrx_word' id='word_1_313' title='bbox 788 4231 843 4294; x_wconf 86' lang='grc'>136,</span> <span class='ocrx_word' id='word_1_314' title='bbox 857 4231 913 4280; x_wconf 75' lang='grc'><strong>145.</strong></span> <span class='ocrx_word' id='word_1_315' title='bbox 942 4227 1010 4280; x_wconf 88' lang='lat' dir='ltr'>Plnt.</span> <span class='ocrx_word' id='word_1_316' title='bbox 1024 4242 1115 4296; x_wconf 89' lang='lat' dir='ltr'>quom.</span> <span class='ocrx_word' id='word_1_317' title='bbox 1128 4226 1171 4280; x_wconf 87' lang='lat' dir='ltr'>ad.</span> <span class='ocrx_word' id='word_1_318' title='bbox 1184 4232 1260 4294; x_wconf 89' lang='lat' dir='ltr'>poet.</span> <span class='ocrx_word' id='word_1_319' title='bbox 1273 4225 1335 4280; x_wconf 88' lang='lat' dir='ltr'>and.</span> 
     </span>
     <span class='ocr_line' id='line_1_38' title="bbox 213 4311 936 4380; baseline -0.003 -13"><span class='ocrx_word' id='word_1_320' title='bbox 213 4312 276 4367; x_wconf 87' lang='lat' dir='ltr'>deb.</span> <span class='ocrx_word' id='word_1_321' title='bbox 291 4316 315 4379; x_wconf 82' lang='lat'>3,</span> <span class='ocrx_word' id='word_1_322' title='bbox 333 4328 361 4380; x_wconf 92' lang='lat' dir='ltr'>p.</span> <span class='ocrx_word' id='word_1_323' title='bbox 373 4312 445 4366; x_wconf 82' lang='grc' dir='ltr'><strong>18Α.</strong></span> <span class='ocrx_word' id='word_1_324' title='bbox 480 4311 592 4366; x_wconf 82' lang='lat' dir='ltr'>Authol,</span> <span class='ocrx_word' id='word_1_325' title='bbox 605 4312 719 4366; x_wconf 89' lang='lat' dir='ltr'>Plauud.</span> <span class='ocrx_word' id='word_1_326' title='bbox 731 4313 779 4380; x_wconf 94' lang='lat' dir='ltr'>lV,</span> <span class='ocrx_word' id='word_1_327' title='bbox 793 4316 936 4366; x_wconf 75' lang='lat' dir='ltr'>sss—14³.</span> 
     </span>
    </p>

    <p class='ocr_par' dir='ltr' id='par_1_5' title="bbox 298 4396 1164 4467">
     <span class='ocr_line' id='line_1_39' title="bbox 298 4396 1164 4467; baseline 0.001 -17"><span class='ocrx_word' id='word_1_328' title='bbox 298 4399 321 4465; x_wconf 69' lang='grc'>8)</span> <span class='ocrx_word' id='word_1_329' title='bbox 339 4396 374 4450; x_wconf 88' lang='lat' dir='ltr'>cf.</span> <span class='ocrx_word' id='word_1_330' title='bbox 393 4397 501 4465; x_wconf 78' lang='lat' dir='ltr'>Helbig,</span> <span class='ocrx_word' id='word_1_331' title='bbox 519 4398 649 4465; x_wconf 72' lang='lat' dir='ltr'>campan.</span> <span class='ocrx_word' id='word_1_332' title='bbox 658 4396 831 4466; x_wconf 77' lang='lat' dir='ltr'>Wandgem,</span> <span class='ocrx_word' id='word_1_333' title='bbox 848 4413 875 4465; x_wconf 93' lang='lat' dir='ltr'>p.</span> <span class='ocrx_word' id='word_1_334' title='bbox 885 4402 943 4467; x_wconf 78' lang='lat'>270,</span> <span class='ocrx_word' id='word_1_335' title='bbox 960 4398 1012 4452; x_wconf 84' lang='lat' dir='ltr'>No.</span> <span class='ocrx_word' id='word_1_336' title='bbox 1023 4400 1164 4452; x_wconf 76' lang='lat'>1262-64.</span> 
     </span>
    </p>
   </div>
   <div class='ocr_carea' id='block_1_4' title="bbox 0 0 1556 5198">
    <p class='ocr_par' dir='ltr' id='par_1_6' title="bbox 0 0 1556 5198">
     <span class='ocr_line' id='line_1_40' title="bbox 0 0 1556 5198; baseline 0 0"><span class='ocrx_word' id='word_1_337' title='bbox 0 0 1556 5198; x_wconf 95' lang='lat' dir='ltr'> </span> 
     </span>
    </p>
   </div>
  </div>
 </body>
</html>
