3104 5198
1274 397 1335 455 275

213 566 361 644 histrioni,
383 567 435 644 qui
458 571 564 644 postea
579 567 700 627 Peleum
717 570 782 627 erat
796 568 928 640 acturus,
949 564 1060 625 tribuit
1093 560 1337 634 Lachmauuus1)

213 674 245 729 et
266 669 302 732 0.
317 667 515 746 Muellerus,²)
546 670 679 730 Pollucis
703 668 832 747 quodam
856 669 921 729 loco
946 669 1006 728 nixi
1030 666 1092 745 (tv,
1109 670 1169 728 109
1182 665 1245 743 sq.),
1277 684 1337 743 quo

212 771 262 831 ille
299 771 372 848 quid
407 762 643 850 xapooxrivrov
672 773 710 832 sit
741 771 876 847 exponit,
909 770 1056 848 putabant
1088 761 1250 830 choreutas
1282 786 1338 844 pro

212 873 317 951 pueris
344 879 414 952 post
440 891 577 934 scaenam
606 873 759 950 cecinisse,
790 892 854 932 cum
879 873 964 949 pueri
986 873 1041 948 ipsi
1064 876 1181 948 gestum
1203 874 1339 948 agerent.

212 975 272 1038 Sed
302 976 352 1036 ille
382 976 466 1037 locus
497 981 544 1036 est
565 977 651 1037 nimis
673 976 833 1051 obscurus,
864 976 904 1033 ita
927 977 961 1034 ut
983 979 1066 1035 certa
1088 993 1124 1034 ex
1147 992 1183 1034 eo
1206 973 1337 1033 derivari

212 1082 377 1155 nequeant.
396 1108 437 1118 —
459 1079 577 1139 Primus
600 1076 760 1155 Boetius,³)
783 1085 925 1154 quantum
950 1076 1045 1152 video,
1068 1078 1212 1137 acerrime
1235 1076 1339 1135 statuit

212 1197 324 1256 pueros
356 1197 446 1240 veros
480 1185 510 1241 et
543 1182 571 1241 in
606 1179 761 1256 tragoedia
795 1185 826 1240 et
854 1181 884 1238 in
915 1178 1068 1239 comoedia
1101 1183 1131 1238 et
1153 1182 1278 1255 agentes
1309 1182 1339 1237 et

213 1282 373 1359 loquentes
405 1287 437 1343 et
470 1287 612 1343 canentes
639 1282 793 1360 prodiisse.
837 1282 976 1359 Namque
998 1299 1063 1341 cum
1094 1281 1228 1341 homiues
1258 1279 1338 1340 docti

212 1403 270 1462 pro
292 1384 330 1444 iis
352 1391 467 1445 tantum
491 1386 599 1461 pueris,
622 1385 729 1462 quibus
752 1389 870 1444 cantum
891 1388 981 1462 poeta
1003 1384 1114 1461 tribuit,
1136 1383 1255 1443 adultos
1270 1383 1338 1442 snb·

211 1488 339 1547 stitucre
356 1489 455 1548 conati
468 1489 535 1560 siut,
551 1493 632 1548 recte
645 1487 771 1547 Beerius
786 1488 917 1564 Vespas
933 1488 1115 1562 potissimum
1129 1485 1339 1563 Aristophanis

212 1589 387 1650 adhibuisse
411 1591 481 1650 mihi
497 1590 626 1668 videtur,
647 1595 680 1650 ut
695 1607 783 1650 veros
799 1607 909 1665 pueros
924 1593 954 1648 et
969 1589 1117 1667 prodiisse
1133 1593 1162 1648 et
1177 1589 1338 1648 cecinissse

212 1690 446 1752 domonstraret.
479 1693 522 1752 lbi
546 1693 623 1754 enim
648 1691 766 1752 eosdem
790 1709 902 1768 pueros
922 1693 995 1751 satis
1011 1692 1118 1751 breves
1133 1694 1163 1750 et
1178 1708 1337 1768 puerorum

212 1795 453 1872 praelucentium
484 1801 514 1856 et
543 1796 758 1856 Carcinitarum
789 1812 934 1871 personas
963 1795 1093 1872 gessisse
1122 1792 1259 1853 ostendit.
1305 1794 1339 1851 lu

212 1897 400 1958 comoedia
422 1916 533 1975 pueros
555 1899 636 1974 ipsos
659 1899 805 1958 cecinisse
828 1901 917 1973 atque
940 1897 1082 1956 recitasse
1102 1896 1285 1971 potissimum
1302 1912 1338 1954 ex

212 2000 303 2077 Pace,
325 1999 355 2061 iu
379 2019 438 2078 qua
461 2001 602 2060 Lamachi
625 2005 655 2060 et
670 2001 823 2077 Cleonymi
847 1999 897 2059 lilii
921 2003 1033 2059 canunt
1055 2017 1216 2076 puerorum
1241 1997 1339 2070 modo,

212 2104 359 2179 sequitur.
408 2103 573 2180 Vesparum
609 2104 733 2179 puerilis
766 2102 876 2162 chorus
913 2107 1009 2161 autem
1046 2102 1179 2161 imitatur
1215 2102 1339 2161 chorum

214 2204 360 2282 puerilem
383 2205 564 2283 Euripideae
580 2205 702 2274 Thesei3
726 2207 835 2282 itaque,
859 2204 998 2281 quoniam
1014 2203 1231 2279 Aristophanes
1249 2203 1339 2263 insul·

217 2324 283 2368 sum
308 2307 396 2380 illud,
420 2307 499 2385 quod
523 2325 629 2368 revera
650 2308 727 2367 inest
749 2309 780 2366 in
800 2307 911 2367 talibus
929 2324 1090 2384 puerorum
1107 2305 1338 2383 Euripideorum

216 2409 488 2488 lamentationibus,
510 2412 606 2470 voluit
620 2410 728 2471 iocosis
744 2410 804 2470 suls
820 2409 1031 2469 imitationibus
1047 2408 1209 2485 exagitare,
1224 2411 1338 2467 certum

214 2511 337 2571 videtur
360 2513 425 2588 pari
448 2511 536 2572 modo
560 2529 672 2589 pueros
693 2512 723 2571 in
747 2511 904 2588 tragoedia
926 2517 1017 2588 atque
1041 2511 1071 2569 ln
1095 2508 1247 2569 comoedia
1272 2527 1339 2585 pro·

216 2613 316 2689 diisse,
339 2614 490 2692 cecinisse,
506 2614 597 2675 verba
613 2613 729 2674 iecisse.
759 2613 903 2674 Similiter
919 2613 1039 2691 saepius
1057 2613 1187 2672 comicus
1204 2612 1340 2671 instituta

216 2716 395 2794 tragoediae
418 2718 448 2776 in
464 2716 623 2777 ridiculum
643 2718 737 2776 vertit.
771 2717 885 2792 ltaque,
907 2715 988 2792 quod
1004 2715 1089 2774 multi
1105 2714 1185 2775 docti
1203 2714 1339 2773 homines

213 2819 341 2880 credere
367 2838 427 2880 uon
462 2820 525 2879 ausi
556 2825 635 2894 sunt,
668 2836 778 2896 pueros
807 2820 889 2895 ipsos
918 2807 948 2876 in
976 2835 1086 2878 scaena
1109 2817 1262 2892 cecinisse,
1284 2834 1339 2893 pro

213 2928 298 2984 certo
321 2924 509 2999 accipiemus,
532 2921 614 3000 quod
637 2923 741 2981 mirum
766 2940 825 2982 nou
850 2919 976 2992 videtur,
999 2920 1156 2997 siquidem,
1177 2918 1259 2995 qnod
1282 2920 1339 2978 iam

212 3026 343 3087 Becrius
366 3026 489 3101 monuit,
516 3017 651 3083 παίδων
669 3016 767 3101 χοροὶ
788 3023 916 3083 Athenis
939 3028 1024 3083 erant
1047 3022 1236 3082 usitatissimi.
1280 3019 1339 3081 Sed

211 3147 275 3190 uon
299 3127 430 3188 choros
445 3145 608 3205 puerorum
624 3128 729 3203 solnm,
745 3126 797 3186 sed
814 3128 901 3187 etiam
917 3126 1084 3201 singulos
1100 3124 1242 3184 cecinisse
1259 3127 1341 3200 puto,

158 3296 171 3313 ⁸
212 3231 358 3309 quoniam
388 3248 499 3307 pueros
529 3232 617 3290 etiam
648 3230 677 3288 in
709 3229 854 3289 conviviis
884 3228 1028 3288 cecinisse
1058 3246 1095 3286 ex
1125 3228 1204 3286 Pace
1226 3226 1340 3286 Aristo·

212 3335 325 3412 phanis
359 3333 507 3393 discimus.
551 3333 627 3392 Nam
662 3332 710 3392 lric
744 3333 926 3409 potissimum
960 3331 1141 3391 Graecorum
1175 3329 1341 3406 singulares

213 3454 314 3497 morea
347 3434 526 3512 respiciendi
560 3441 642 3496 suut:
683 3435 750 3495 dico
783 3435 908 3511 primum
947 3434 1144 3493 formosorum
1178 3449 1339 3509 puerorum

212 3557 360 3610 amorem,
384 3538 435 3616 qui
458 3538 506 3597 vel
529 3542 644 3597 tantum
669 3538 800 3607 valebat,
824 3542 857 3597 ut
878 3542 1011 3596 amantea
1035 3537 1184 3611 amotique
1208 3536 1340 3594 intense

212 3643 254 3703 de
275 3641 413 3703 omnibus
436 3641 595 3700 virtutihus
626 3645 792 3717 certareut;
825 3638 935 3699 deinde
962 3640 1069 3698 artium
1093 3638 1256 3698 liberalium
1280 3641 1340 3697 stn-
1413 3706 1434 3734 0

212 3744 307 3822 dium,
329 3744 410 3820 quod
433 3744 464 3802 iu
489 3744 589 3820 pueris
612 3742 777 3803 educandis
799 3742 873 3802 tanti
897 3743 1036 3801 momenti
1058 3741 1151 3800 fnisse
1167 3739 1284 3814 scimus,
1308 3744 1341 3798 ut

212 3849 304 3909 etiam
329 3848 358 3906 iu
383 3847 503 3906 musicis
519 3845 730 3905 certaminibus
746 3846 832 3922 pueri
848 3845 877 3903 in
895 3844 1044 3920 publicum
1061 3843 1222 3919 prodirent
1254 3842 1339 3915 Quae

211 3952 240 4012 si
263 3950 517 4028 reputaverimus,
546 3967 619 4008 saue
646 3947 786 4008 credibile
813 3946 964 4007 videbitur
995 3964 1103 4022 pueros
1125 3947 1154 4005 in
1177 3943 1340 4021 tragoediis

302 4202 323 4269 ¹)
341 4200 384 4254 De
403 4214 531 4254 mensura
549 4204 617 4267 trag
636 4215 663 4266 p.
674 4202 698 4252 3.

303 4287 325 4356 ¹)
344 4286 416 4340 Hist.
429 4285 481 4339 litt.
495 4285 590 4339 Graec.
603 4284 640 4351 1⁴,
659 4301 686 4352 p.
697 4288 754 4351 593,
773 4299 799 4338 u.
810 4288 833 4337 2.

302 4373 325 4442 ³)
344 4370 436 4426 Ueber
454 4369 499 4424 die
518 4369 582 4425 Zabi
600 4369 650 4424 der
668 4367 859 4438 Schauspieler
876 4366 922 4422 bei
938 4366 1151 4436 Aristophanes,
1168 4382 1196 4435 p.
1206 4371 1239 4421 46
1249 4381 1310 4436 sqq.
