3104 5198
1270 426 1330 484 229

212 601 245 654 ut
267 597 439 673 Polyniccm
464 616 584 673 quoquo
607 598 775 656 Eleusinem
799 597 914 656 iuberet
936 597 1045 672 afferri,
1068 614 1239 673 quanquam
1260 595 1331 671 quid

212 699 238 757 ei
263 699 371 758 facttum
395 699 440 770 sit,
463 701 583 758 omuino
607 719 665 758 non
691 705 870 758 memoratur
888 698 938 770 (cf.
955 703 1058 760 anuo
1073 703 1103 757 et
1119 697 1202 771 925).
1247 698 1332 771 Quae

213 819 315 859 omnes
338 801 557 877 discrepantiae
573 800 712 860 facillime
727 803 770 860 sic
786 802 984 877 explicantur,
1007 809 1040 859 ut
1056 801 1132 860 banc
1149 799 1330 875 tragoediam

212 922 248 961 ex
284 905 411 962 recentia
446 905 528 980 pacis
561 903 731 977 (Nicianael
766 906 885 963 laetalia
918 904 956 962 ad
991 903 1117 980 gloriam
1148 904 1330 962 Athenarum

211 1005 418 1064 celebrandam
440 1014 469 1065 et
484 1005 590 1065 foedus
607 1007 785 1080 Argivorum
802 1005 1069 1065 commendandum
1083 1003 1103 1078 ¹)
1120 1010 1214 1063 ortam
1231 1005 1333 1080 itaquo

212 1109 296 1183 quasi
328 1127 387 1168 uno
418 1110 528 1184 impetu
559 1108 740 1185 confectam,
771 1127 829 1167 nou
854 1109 969 1167 diutino
992 1107 1091 1166 studio
1115 1107 1243 1166 limatam
1268 1125 1332 1165 esse

211 1211 396 1269 arbitremur.
441 1211 540 1284 Quid?
569 1210 626 1270 bac
654 1210 773 1270 fabulae
803 1218 912 1270 natura
942 1211 1062 1286 cognita
1094 1229 1163 1268 num
1186 1229 1251 1268 eam
1275 1209 1332 1268 dis-

212 1313 410 1388 crepantiam,
443 1319 476 1372 nt
508 1316 620 1389 septem
656 1332 710 1389 pro
740 1314 874 1389 quinque
906 1311 1097 1388 accipiendae
1128 1313 1200 1383 sint,
1234 1313 1333 1388 magni

213 1415 376 1475 faciemus?
426 1417 466 1475 At
494 1415 541 1474 his
571 1415 754 1491 argumentis
785 1416 857 1474 certi
889 1415 960 1473 nibil
991 1413 1066 1473 effici
1091 1413 1191 1473 video:
1223 1416 1333 1491 itaque,

212 1525 245 1575 ut
268 1519 405 1593 primum,
428 1518 498 1594 quid
522 1538 558 1578 er
581 1518 654 1594 ipsis
677 1523 784 1594 poetae
807 1518 906 1577 verbis
929 1517 967 1576 de
990 1518 1105 1576 ratione
1128 1518 1205 1576 iuter
1225 1520 1334 1575 matres

212 1628 243 1679 et
273 1619 398 1678 famulas
428 1620 631 1680 intercedente
662 1627 820 1697 sequatur,
851 1621 1079 1696 constituamus,
1109 1619 1228 1696 singula
1250 1619 1332 1677 ebori

212 1724 343 1781 carmina
362 1723 533 1781 accuratius
549 1724 793 1798 contemplemur.
830 1724 875 1782 De
892 1722 986 1798 primo
1003 1721 1134 1781 carmine
1148 1723 1205 1780 iam
1221 1721 1331 1780 dictum

212 1830 265 1884 cst.
310 1825 393 1898 Quae
424 1832 590 1900 sequuntur
619 1825 701 1885 chori
732 1844 838 1902 preces
868 1824 941 1898 (271
960 1823 1036 1901 sqq.)
1064 1824 1102 1884 ad
1127 1843 1200 1884 unas
1224 1833 1333 1884 matres

212 1929 361 2003 portinere
384 1928 534 1987 videntur.
578 1928 654 1987 Nam
679 1946 744 1987 cum
769 1930 888 1987 omnino
908 1928 1029 2006 propria
1045 1928 1083 1987 ibi
1101 1932 1225 1986 matrum
1243 1945 1334 1987 cansa

211 2029 332 2104 agatur,
366 2036 426 2089 tum
462 2030 554 2090 verba
588 2049 708 2107 quoquc
743 2033 809 2089 unis
844 2036 969 2090 matrum
1004 2030 1107 2089 oribus
1140 2031 1331 2090 conveniunt.

212 2131 361 2190 Arnoldtii
385 2151 457 2192 vero
480 2133 629 2192 sententia
651 2134 682 2199 (l.
698 2153 723 2193 c.
746 2152 773 2209 p.
790 2130 874 2210 263),
896 2152 962 2192 cum
983 2134 1059 2192 inter
1074 2131 1208 2209 quinque
1223 2137 1332 2191 matres

212 2234 348 2308 singulas
372 2237 511 2294 carminis
535 2241 636 2311 partes
659 2235 830 2310 distribuat,
860 2237 902 2294 ita
923 2234 1014 2294 firmis
1037 2241 1118 2294 caret
1140 2236 1332 2311 argumentis,

212 2343 244 2394 ut
267 2356 330 2395 eam
354 2336 491 2396 refellere
514 2337 733 2413 supersedeam.
778 2336 905 2399 Omnino
928 2343 1026 2396 autem
1049 2338 1126 2397 inter
1148 2356 1250 2397 omncs
1268 2337 1332 2396 fere

212 2439 292 2497 viros
315 2438 420 2498 doctos
443 2444 573 2514 constat,
602 2441 672 2499 talia
695 2442 864 2513 conamina,
894 2441 1015 2517 quibos,
1047 2459 1135 2517 quem
1159 2441 1189 2499 in
1213 2440 1331 2500 modum

211 2541 321 2599 cborus
352 2559 457 2600 revera
487 2560 541 2601 sua
572 2544 704 2601 carmina
734 2543 987 2618 pronuntiaverit,
1020 2542 1209 2618 ostendatur,
1242 2542 1331 2619 plane

211 2661 276 2702 csse
306 2644 419 2719 insuia,
449 2644 562 2721 quippe
592 2663 670 2720 quas
702 2644 782 2703 nulla
806 2645 938 2704 nitantur
961 2651 1013 2704 aut
1036 2646 1151 2704 rationo
1174 2650 1257 2704 carta
1281 2652 1333 2704 ant

211 2751 344 2804 veterum
376 2749 530 2823 memoria,
559 2746 693 2823 exceptis
720 2747 755 2806 iis
785 2747 873 2821 locis,
904 2747 953 2806 ubi
976 2751 1028 2806 aut
1051 2747 1214 2824 coryphaei
1239 2748 1333 2807 verba

211 2854 328 2907 ceteros
360 2848 539 2925 alloquentis
569 2855 805 2925 cognoscuntur,
835 2855 888 2908 aut
919 2850 1100 2910 hemichoria
1127 2850 1253 2908 invicem
1276 2850 1333 2909 sibi

212 2949 425 3025 respondentia
455 2949 621 3027 significata
651 2956 729 3011 sunt.
762 2981 801 2991 —
832 2953 929 3011 Etiam
953 2951 1033 3028 quod
1057 2954 1192 3029 sequitur
1214 2969 1332 3011 carmen

211 3053 283 3118 (365
301 3055 394 3129 sqq),
416 3052 496 3128 qnod
520 3059 672 3125 cantatur,
695 3052 765 3113 dum
789 3053 926 3113 Theseus
949 3072 1009 3113 rem
1033 3073 1099 3113 cum
1124 3054 1234 3131 populo
1256 3072 1333 3113 com·

212 3156 351 3230 municat,
373 3174 432 3214 non
457 3155 556 3232 babet,
578 3155 659 3233 quod
680 3157 849 3215 necessario
864 3155 902 3214 ad
919 3156 1047 3215 famulas
1063 3156 1223 3216 referatur:
1244 3157 1332 3215 immo

211 3256 284 3315 haec
307 3257 411 3316 verba:
442 3247 483 3315 τό
510 3252 617 3316 πλέον
627 3251 730 3337 xspoia
752 3255 870 3317 κακῶν
896 3290 938 3298 -
964 3253 996 3317 τί
1018 3276 1075 3337 μοι
1096 3249 1196 3330 πόλις
1216 3264 1335 3337 κρανεῖ

211 3390 251 3398 -
283 3354 338 3416 καὶ
368 3353 499 3431 τέκνοις
525 3350 633 3436 ταφὰς
660 3351 860 3440 ληψόμεσθα
882 3362 919 3422 ad
945 3380 1019 3421 unas
1042 3367 1152 3422 matres
1174 3365 1333 3439 pertinent.

212 3462 276 3520 Nisi
300 3463 375 3522 forte
399 3464 466 3539 quis
488 3463 619 3522 ultimam
636 3464 867 3540 antistrophum:
890 3449 992 3541 ἄμυνε
1007 3458 1117 3542 ματρί,
1138 3454 1238 3534 πόλις
1260 3463 1331 3522 κτλ.

212 3563 380 3623 famulabus
402 3565 548 3625 tribuerit.
592 3565 650 3627 Sed
674 3586 709 3626 sa
725 3585 844 3643 qnoque
860 3568 959 3644 aptius
975 3566 1118 3626 matribus
1133 3566 1333 3643 assignantur,

211 3671 419 3743 praeterquam
450 3667 529 3744 qnod
560 3669 684 3746 stropha
714 3675 744 3730 et
765 3670 971 3746 antistropbns
995 3688 1053 3729 non
1077 3689 1094 3728 a
1117 3669 1243 3729 diversis
1266 3670 1331 3729 cani

211 3769 316 3827 solent.
338 3799 379 3808 -
403 3772 501 3829 Atax
527 3773 661 3847 proximo
685 3773 816 3832 carmina
838 3771 912 3848 (597
929 3771 1016 3848 sqq),
1038 3772 1117 3849 qnod
1143 3772 1232 3850 vulgo
1256 3774 1333 3833 inter

211 3871 391 3930 lremioboria
424 3872 624 3945 distribuitur,
657 3880 738 3934 certo
772 3876 920 3951 quispiam
951 3874 1087 3934 concludi
1118 3893 1209 3951 posse
1239 3881 1332 3952 putet,

211 3979 319 4033 matres
357 3973 546 4052 famulasque
579 3983 732 4052 separatas
766 3996 874 4037 canere
907 3977 950 4037 ita
982 3996 1102 4054 nempe,
1140 3983 1172 4038 ut
1204 3979 1330 4038 alterum

212 4076 433 4154 hemiolrorium,
456 4078 535 4154 quod
558 4080 704 4154 signatur,
727 4099 764 4140 ex
788 4081 940 4157 matribus,
963 4081 1089 4140 alterum
1111 4099 1148 4140 ex
1164 4079 1332 4140 famulabus

212 4184 337 4237 constet.
381 4182 480 4257 Atque
503 4182 533 4240 iu
557 4181 639 4242 libris
662 4182 781 4259 quidem
806 4183 1015 4261 manuscriptis
1030 4183 1200 4262 turpissimo
1216 4184 1331 4247 scribac

297 4397 319 4462 ¹)
336 4392 376 4450 Cf.
395 4393 502 4450 Wilam.
520 4394 575 4451 An.
592 4395 656 4452 Eur.
674 4412 701 4468 p.
715 4401 772 4452 158.
