3104 5198
209 387 271 446 242

295 564 356 622 lam
379 560 601 637 Sophocleas
624 561 741 621 tabulas
764 562 916 624 adeamus.

294 683 328 741 ln
351 675 439 743 Atreo
462 682 525 741 sive
549 676 718 759 Mycenaeis
742 682 883 742 famosam
907 685 986 743 illam
1010 705 1133 756 „cenam
1156 683 1338 763 Thyestae“

209 789 365 846 tractatam
398 784 489 844 luisse
519 792 644 845 constat.
689 784 820 845 Eandem
852 788 1003 846 materiam
1028 788 1186 865 Euripides
1215 790 1246 849 in
1278 805 1340 848 sna

208 881 339 967 Thyesta
376 886 554 960 tractavit¹l
612 889 652 948 At
689 887 845 965 utriusque
879 889 997 949 fabulae
1030 890 1126 950 lineae
1158 891 1339 951 etiamnunc

210 996 293 1051 tanta
322 991 452 1068 caligine
482 995 553 1050 sunt
582 990 753 1066 obvolutae,
784 995 816 1051 ut
838 1011 875 1051 ex
898 996 1040 1051 accurata
1061 997 1174 1052 tantum
1198 995 1337 1054 omnium

209 1095 443 1154 testimoniorum
475 1094 694 1153 examinatione
724 1095 775 1154 lux
806 1095 906 1171 aliqua
935 1115 952 1155 a
984 1097 1068 1155 nobie
1090 1098 1204 1173 sperari
1230 1098 1339 1174 possit,

208 1198 386 1274 Priusquam
421 1198 513 1274 igitur
545 1196 583 1256 ad
615 1196 786 1274 tragoedias
816 1197 897 1275 ipsas
927 1198 1118 1275 accedamus,
1150 1218 1230 1277 quae
1262 1202 1338 1260 ante

209 1299 393 1378 tragoediam
427 1299 518 1361 luerit
551 1299 683 1376 vulgaris
717 1299 834 1360 tabulae
864 1301 973 1377 forma,
1006 1301 1245 1362 constituendum
1279 1307 1339 1362 est

209 1403 304 1477 Quem
340 1403 377 1463 ad
411 1402 501 1461 finem
534 1403 661 1478 primum
693 1419 756 1461 eam
788 1405 999 1478 narrationem,
1033 1423 1122 1481 quam
1152 1404 1338 1483 Apollodori

210 1507 341 1583 epitoma
363 1506 507 1565 Vaticana
530 1504 658 1580 exhibet,
681 1523 888 1581 comparemus
911 1524 976 1565 eum
1001 1524 1049 1583 ea,
1078 1526 1155 1583 quae
1179 1513 1283 1567 exstat
1307 1508 1338 1566 in

210 1609 361 1687 Euripidis
383 1609 512 1667 Electra.
557 1608 600 1667 lbi
630 1608 709 1667 enim
739 1607 849 1668 chorus
876 1607 970 1668 lusius
993 1613 1082 1669 totam
1107 1628 1207 1670 earum
1231 1628 1338 1669 rerum

209 1731 355 1773 conexum
377 1712 503 1789 profert,
528 1714 608 1770 oerte
631 1710 784 1786 vulgarem
808 1729 947 1788 quaeque
962 1713 1141 1789 tragicorum
1159 1713 1340 1773 commentis

210 1834 269 1876 non
300 1820 345 1875 est
374 1818 455 1873 taeta
491 1814 659 1873 memoriam
690 1831 832 1889 sequens,
863 1813 943 1891 quod
967 1833 1003 1873 ex
1026 1815 1090 1891 ipso
1114 1816 1222 1876 eantioi
1247 1815 1341 1875 Euri-

208 1917 288 1995 pidei
319 1918 401 1976 initio
434 1916 541 1975 elucet.
587 1916 695 1975 Postea
726 1916 851 1992 apposni
874 1918 1016 1993 Aeschyli
1046 1936 1082 1977 ex
1106 1920 1342 1995 Agamemnone

209 2021 246 2081 de
270 2019 394 2079 fratrum
418 2018 543 2079 discidio
568 2019 778 2093 narrationem,
800 2037 877 2094 qrrae
900 2020 965 2096 ipsa
988 2040 1108 2097 quoque
1131 2040 1185 2098 pro
1207 2022 1344 2098 antiqua

209 2125 349 2183 memoria
383 2121 522 2181 habenda
555 2126 609 2180 est.
664 2121 736 2181 Cum
769 2122 835 2180 loco
869 2122 918 2181 illo
952 2140 989 2181 ex
1023 2122 1153 2199 epitoma
1187 2124 1344 2183 Vaticana

209 2230 328 2303 sumpto
359 2225 424 2286 fere
456 2225 544 2302 plane
568 2225 730 2284 concinunt
753 2223 844 2283 selrol.
868 2222 1084 2301 Hom.B,105
1109 2226 1164 2285 AD
1187 2234 1219 2285 et
1241 2226 1344 2285 schol.

207 2331 279 2389 Eur.
302 2327 353 2388 Or.
369 2331 429 2389 812
454 2329 488 2403 A,
512 2345 590 2404 quae
614 2326 798 2386 narrationes
821 2332 919 2386 tamen
943 2346 1001 2386 oon
1019 2328 1096 2388 oltra
1112 2329 1284 2404 Thyestem
1304 2328 1344 2388 ah

210 2432 301 2493 Atreo
325 2432 482 2509 expulsum
506 2429 682 2507 procedunt.

325 2587 395 2646 Eur.
411 2585 455 2645 El.
471 2588 546 2654 (700
554 2586 630 2661 sqq.)
763 2581 766 2657 Ι
907 2586 959 2661 Ep.
976 2586 1041 2644 Vat.
1057 2578 1099 2663 (2,
1115 2585 1221 2664 ὅσσα.)

795 2669 814 2744 ὁ
846 2681 881 2746 de
895 2672 1023 2763 Άτρεύς
1045 2674 1225 2766 εὐξάμενός
1248 2707 1347 2749 ποτε

795 2787 866 2847 τῶν
895 2773 1003 2848 αὑτοῦ
1032 2787 1216 2868 ποιμνίων,
1250 2778 1347 2869 ὅπερ

217 2882 397 2973 ..κληδὼν
409 2884 446 2950 ἐν
458 2888 606 2950 πολιαῖσι
621 2880 744 2967 φάμαις
796 2879 838 2950 ἂν
861 2883 1044 2951 κάλλιστον
1060 2887 1203 2972 γένηται,
1226 2891 1347 2953 τοῦτο

207 2991 381 3075 μένει...
404 2991 501 3053 Πᾶνα
524 3038 579 3055 ...
600 2987 744 3070 χρυσέαν
796 2979 1074 3072 θῦσαιΆρτέμιδι,
1098 2990 1258 3072 λέγουσιν
1283 2981 1348 3074 ἅρ-

208 3088 293 3179 ἄρνα
321 3092 535 3156 καλλὶποκον
563 3092 742 3173 πορεῦσαι·
796 3087 854 3167 νὸς
870 3093 1028 3174 φανείσης
1041 3095 1164 3180 χρυσῆς
1179 3085 1234 3157 ὅτι
1261 3117 1348 3157 κατ-

208 3196 378 3279 πετρίνοις
408 3185 437 3259 δ’
470 3190 606 3269 ἐπιστὰς
639 3195 745 3276 κᾶρυξ
796 3194 936 3279 ημέλησε
972 3198 1030 3277 τῆς
1065 3187 1180 3279 εὐχῆς·
1212 3197 1348 3277 πνίξας

208 3286 639 3381 ἴαχενβάθροις·ἅγορὰν
657 3289 767 3385 dyo-j
797 3296 831 3361 dt
862 3291 967 3383 αὐτὴν
998 3296 1043 3372 εἰς
1065 3294 1216 3378 λάρνακα
1240 3300 1350 3364 κατέ-

208 3397 282 3484 ρὰν
294 3404 484 3484 Μυκηναῖοι
492 3400 633 3482 στείχετε
640 3422 744 3481 μακα-
765 3402 767 3509 y
797 3405 879 3464 θετο
902 3391 998 3462 κάκεῖ
1012 3391 1176 3480 ἐφύλασσε
1191 3397 1348 3486 ταύτην·

209 3493 465 3587 ρίοινόψόμενοι
475 3495 743 3583 τυράννοινφάσ-
799 3498 890 3586 [μέγα
903 3502 983 3566 δέτι
1000 3506 1196 3584 φρονοῦντα
1214 3501 1274 3567 ἐπὶ
1287 3506 1346 3587 τῷ

796 3600 937 3689 κτήματι
977 3600 1198 3688 κομπάζειν
1234 3604 1348 3672 κατὰ

765 3554 767 3629 l

207 3629 295 3690 ματα
312 3606 456 3688 δείματα.
478 3605 575 3687 χοροὶ
591 3594 744 3685 δ’Άτρει·

209 3698 767 3791 δᾶνἐγέραιρονοί’κοοςκτλ.κρυ-4
796 3702 866 3791 τὴν
897 3696 1098 3793 ἅγοράνβ)
1142 3699 1347 3796 ἧν.’4ερόπη

209 3813 300 3893 miore
323 3804 385 3895 γὰρ
408 3801 520 3885 εὐναῖς
534 3809 650 3884 πείσας
667 3801 768 3888 ἄλο-ι
797 3808 912 3873 δίδωσι
950 3812 999 3893 τῷ
1040 3810 1167 3891 θοέστῃ
1202 3834 1347 3895 μοιχευ-

296 4037 314 4101 ¹]
332 4032 485 4102 Thyestem
502 4050 519 4086 a
537 4032 644 4086 Cressis
668 4032 803 4085 diversam
828 4047 891 4086 esse
915 4048 970 4085 non
993 4047 1064 4099 opus
1083 4036 1127 4086 ost
1144 4032 1245 4086 iterum
1264 4033 1345 4090 affir-

209 4131 290 4172 mare.
321 4117 424 4172 Oenam
437 4116 579 4184 Thyestae
591 4116 765 4183 potissimum
778 4116 806 4170 in
818 4116 943 4186 Thyesta
956 4121 1096 4171 tractatam
1109 4115 1196 4172 luisse
1209 4121 1345 4175 ostendit

208 4203 345 4271 Berglrius
373 4219 407 4256 ex
432 4201 572 4269 Aristoph.
598 4201 731 4270 Proagon.
756 4200 835 4270 lrgur.
859 4202 932 4269 apud
956 4201 1135 4271 hlainelrinm,
1158 4201 1238 4270 t'rgm.
1264 4222 1344 4260 com.

209 4288 304 4343 Graec.
318 4287 352 4356 11,
371 4304 397 4355 p.
415 4290 531 4354 ¹137l33·

293 4374 318 4443 ¹)
337 4373 398 4428 lIoe
415 4373 444 4426 in
463 4373 524 4427 unis
542 4371 638 4427 seholl.
657 4373 737 4427 Hom.
756 4377 785 4427 et
802 4373 866 4426 Eur.
884 4372 990 4442 legitur.
