3104 5198
1270 408 1331 464 227

212 574 359 633 Nimirum
377 576 460 651 pueri
477 576 564 635 etiam
581 594 681 635 senem
695 581 801 636 eontra
813 594 988 653 praeconem
1001 576 1143 635 audacem
1157 574 1335 651 detendunt,

213 696 278 735 nam
303 677 429 737 aetionis
452 678 612 755 participes
636 679 835 739 ostenduntur
858 680 944 738 etiam
970 699 995 735 v.
1012 683 1087 740 603:

519 772 664 852 λάβεσθε
684 775 753 852 κείς
775 771 876 859 ἕδραν
896 768 930 859 μ’
952 775 1097 859 ἑρείοατε

366 868 472 941 αὐτοῦ
495 877 650 942 πέπλοισι
673 878 784 943 τοῖσδε
807 873 1008 962 κρύψαντες,
1032 878 1144 942 τέκνα.

213 986 374 1061 Postquam
407 987 583 1061 Demophon
617 987 742 1045 salutem
773 989 919 1063 promisit,
952 989 1037 1065 pueri
1069 987 1106 1046 sb
1136 987 1219 1045 Iolao
1249 1005 1335 1063 reges

213 1087 311 1157 adire,
343 1087 377 1146 iis
409 1089 522 1163 gratias
551 1107 641 1163 agere
672 1089 820 1148 iubentur.
865 1091 904 1147 At
927 1090 1010 1165 pueri
1036 1089 1106 1147 muti
1131 1093 1209 1146 sunt.
1254 1088 1333 1148 ldem

214 1194 317 1265 postea
349 1209 414 1248 cum
439 1191 583 1250 Alcmena
611 1209 705 1268 usqne
733 1191 771 1250 ad
799 1191 885 1251 finem
909 1191 1083 1269 tragoediae
1106 1193 1134 1250 in
1158 1209 1267 1250 scaena
1291 1210 1335 1250 re·

214 1297 347 1367 manent,
379 1296 459 1351 certe
481 1313 540 1352 non
565 1294 692 1370 amplius
715 1312 795 1353 aram
819 1294 1002 1369 obsidentes,
1032 1300 1189 1370 postquam
1214 1293 1333 1370 Hyllum

213 1393 369 1453 advenisse
393 1395 514 1454 allatum
539 1401 584 1454 est
606 1393 703 1469 (630).

299 1499 331 1556 ln
349 1492 472 1558 Hecuba
494 1517 614 1576 quoquc
638 1499 713 1558 duos
736 1517 856 1575 pueros,
878 1499 985 1559 filiolos
1007 1499 1228 1575 Polymestoris,
1252 1500 1335 1558 Euri·

213 1599 296 1674 pides
320 1600 445 1660 induxit.
488 1603 698 1661 Brevissimum
722 1606 837 1660 tantum
862 1606 980 1679 tempus
1000 1603 1027 1660 in
1046 1621 1156 1661 scaena
1171 1608 1335 1676 morantur,

213 1709 325 1777 patrem
350 1704 526 1763 comitantes
549 1706 621 1763 muti
644 1702 868 1778 (est—1022).
912 1706 1021 1764 Postea
1036 1724 1165 1781 corpora
1180 1723 1334 1765 caesorum

214 1804 240 1862 in
266 1823 405 1864 scaenam
429 1808 651 1882 provolvuntur
673 1800 794 1884 (1051).

299 1900 455 1983 Supplices
479 1909 638 1985 Euripidis,
662 1929 721 1968 una
743 1929 780 1968 ex
803 1909 939 1968 omnibns
962 1928 1037 1985 quas
1060 1914 1195 1968 tenemus
1219 1909 1336 1979 sabulis,

213 2027 371 2085 puerorum
414 2012 537 2071 chorum
580 2017 732 2072 canentem
770 2013 924 2090 praebent.
985 2014 1091 2089 incipit
1131 2013 1285 2090 tragoedia
1318 2033 1336 2073 a

212 2114 384 2187 spectaculo
408 2115 480 2173 satis
502 2117 628 2191 tragico,
651 2134 716 2174 cnm
740 2115 895 2175 videamus
919 2122 1033 2192 septem
1050 2123 1118 2175 aute
1133 2115 1254 2175 Thebas
1270 2135 1335 2174 oae-

215 2232 315 2271 sornm
339 2214 447 2273 dueum
472 2220 581 2275 matres
597 2235 684 2276 senes
700 2217 899 2276 acerbissimis
914 2216 1069 2276 doloribus
1086 2223 1208 2276 vexatas
1224 2218 1335 2276 circum

214 2317 354 2375 Aethram
386 2318 528 2378 adaram
553 2320 669 2379 Cereris
693 2320 862 2379 Eleusiniae
885 2320 1038 2388 sedentes;
1069 2338 1159 2396 porro
1183 2319 1220 2378 ad
1245 2320 1334 2379 limen

214 2419 324 2495 templi,
348 2418 508 2479 Adrastum
532 2422 666 2481 vestibus
683 2424 822 2495 velatum,
842 2440 928 2498 quem
946 2421 1110 2482 circumdat
1125 2423 1214 2481 turba
1230 2441 1336 2498 puero-

214 2539 287 2593 rum,
310 2540 351 2581 se.
373 2527 484 2598 septem
508 2523 615 2583 ducum
633 2524 770 2595 tiliorum,
793 2525 873 2583 humi
897 2525 1034 2583 nimirum
1058 2530 1091 2583 ut
1112 2523 1161 2582 ille
1178 2525 1336 2584 iacentium

214 2620 309 2695 (106).
353 2626 432 2684 Acer
465 2626 592 2701 gemitus
626 2627 757 2704 undique
791 2627 914 2725 tollitur.
959 2627 991 2686 ln
1019 2644 1183 2704 progressu
1216 2626 1337 2686 fabulae

213 2726 299 2802 pueri
331 2746 389 2786 non
421 2727 503 2803 prins
533 2747 624 2804 agere
654 2729 812 2806 quicquam
845 2729 985 2788 videntur
1015 2747 1102 2805 quam
1134 2733 1253 2804 chol,
1287 2729 1338 2788 ubi

214 2836 347 2888 mortuos
378 2838 478 2906 patres
506 2831 543 2890 ad
576 2850 665 2908 rogos
695 2832 863 2892 efferendos
886 2837 1115 2909 prosequuntur.
1159 2833 1212 2902 At,
1242 2850 1337 2908 quan·

216 2951 304 3007 qnam
329 2932 401 2991 nihil
424 2934 549 2993 aetionis
572 2952 733 3011 puerorum
758 2940 848 2993 antea
869 2934 1031 3011 Euripides
1054 2933 1209 3007 indicavit,
1237 2938 1336 2992 tamen

215 3053 273 3092 non
298 3051 415 3110 semper
438 3054 489 3095 eos
511 3034 549 3094 ad
573 3037 676 3112 templi
700 3037 788 3096 limen
811 3037 937 3096 iacuisse
960 3035 1149 3096 statuendum
1166 3042 1220 3112 est,
1242 3037 1339 3111 immo,

213 3154 279 3194 enm
304 3141 420 3212 patrum
444 3156 572 3213 corpora
594 3141 773 3198 efferrentur
796 3137 890 3211 (794),
914 3139 1088 3212 surrexisse,
1111 3143 1145 3198 ut
1161 3139 1204 3198 eis
1220 3137 1336 3198 obviam

212 3239 289 3297 irent
309 3244 339 3297 et
362 3257 397 3298 ea
413 3239 585 3300 salutarent.
630 3242 814 3302 Postremum
831 3243 916 3317 pueri
934 3242 1075 3301 matribus
1092 3242 1207 3301 cineres
1222 3245 1336 3318 septem

214 3341 335 3400 heroum
374 3343 534 3403 afferentes
572 3344 709 3404 threnum
745 3363 810 3403 eum
844 3344 879 3402 iis
912 3349 1025 3403 canunt
1058 3344 1182 3403 alternis
1214 3344 1337 3403 vocibus

217 3445 311 3509 (1114
327 3441 414 3520 sqq.)-
458 3446 490 3504 ln
515 3463 623 3504 scaena
645 3453 823 3523 permanent
844 3445 882 3505 ad
906 3446 994 3506 finem
1018 3445 1068 3511 (ci.
1091 3448 1338 3523 vv.1213sqq.l.

212 3576 254 3584 —
285 3545 343 3605 Sed
375 3547 524 3622 quomodo
555 3548 674 3607 tandem
708 3549 755 3607 hic
786 3566 947 3625 puerorum
979 3548 1088 3608 chorus
1118 3548 1263 3608 formatus
1293 3549 1339 3623 sit,

212 3648 229 3707 i.
246 3668 271 3707 e.
294 3653 368 3725 quot
390 3652 474 3725 pueri
499 3650 649 3727 cogitandi
673 3652 740 3727 sint,
763 3651 933 3711 accuratius
957 3669 1144 3727 quaeramus.
1188 3652 1276 3710 Hune
1298 3650 1336 3710 ad

214 3752 299 3810 finem
323 3757 422 3811 autem
446 3753 581 3829 primum,
607 3753 705 3829 qualis
728 3753 817 3813 luerit
838 3753 948 3813 chorus
970 3753 1152 3830 principalis,
1175 3753 1338 3814 videamus.

213 3853 369 3930 Euripides
390 3854 466 3914 enim
489 3873 607 3932 semper
629 3874 725 3932 aeque
748 3855 889 3932 loquitur,
912 3874 947 3915 ac
970 3856 994 3914 si
1016 3860 1152 3931 septem
1177 3860 1285 3915 matres
1307 3856 1336 3914 in

211 3974 320 4014 scaena
357 3955 480 4034 fuerint,
524 3958 632 4033 quibus
664 3957 840 4018 assisterent
883 3957 1025 4028 famulae,
1070 3976 1149 4035 quae
1182 3964 1212 4017 et
1247 3959 1338 4033 ipsae,

213 4066 319 4119 matres
360 4061 558 4136 excipientes,
602 4061 687 4137 primi
726 4062 866 4121 carminis
904 4062 1036 4121 ultimam
1074 4061 1226 4138 stropham
1264 4062 1337 4120 anti·

211 4162 424 4239 strophumqne
456 4169 570 4223 canunt
601 4164 651 4231 (71
669 4162 755 4240 squ).
800 4165 962 4224 Numerum
994 4163 1196 4241 septenarium
1228 4163 1337 4222 videsis

212 4283 235 4323 e.
259 4284 286 4340 g.
311 4283 336 4323 v.
353 4267 415 4325 964
431 4282 488 4342 sq.:
522 4255 607 4324 ἑπτὰ
628 4260 766 4344 ματέρες
794 4256 879 4325 ἑπτὰ
909 4253 1055 4343 κούρους
1085 4251 1272 4343 ἑγιὶναμεθ’
1302 4257 1336 4322 ol

211 4360 421 4445 ταλαίπωροι
443 4365 515 4426 κτλ.
560 4369 670 4429 Postea
692 4367 820 4429 famulae
843 4369 962 4431 nonnisi
984 4387 1012 4427 v.
1031 4373 1111 4431 1115
1134 4371 1337 4429 memorantur
