3104 5198
208 448 269 506 256

207 615 270 673 Iam
294 615 433 691 Mayerus
463 615 607 691 coguovit
637 615 720 675 illum
750 611 949 691 Sophocleum
980 615 1194 692 Astyanactem
1227 613 1337 692 paullo

208 717 348 776 maiorem
379 720 452 776 nutu
482 717 583 789 luisse,
614 717 734 794 qualem
765 715 827 776 lere
850 717 970 793 Brygus
997 717 1025 776 in
1048 717 1140 778 nobili
1163 717 1216 777 illo
1240 733 1337 794 opere

208 816 329 890 fiuxit.¹)
364 820 500 896 Namque
522 837 560 879 ex
582 818 640 896 fug.
656 821 708 880 38:

412 946 441 1011 sl
462 943 580 1032 μικρὸς
603 940 652 1012 ὢν
672 944 717 1013 τὰ
738 950 853 1030 φαῦλα
876 941 1012 1036 νικήσας
1034 944 1097 1031 ἔχω

209 1107 359 1168 apparere
389 1088 508 1149 videtur
537 1108 605 1150 eum
636 1090 767 1150 locutum
801 1108 868 1151 esse
901 1091 938 1151 de
971 1090 1057 1151 lactis
1090 1091 1152 1151 suis
1187 1089 1335 1160 fortibus3

208 1193 310 1269 itaque
343 1210 469 1268 puerum
504 1192 605 1264 talem,
646 1193 763 1269 qualem
797 1193 962 1269 cogitamus
995 1192 1188 1269 Euripideum
1222 1193 1336 1270 Astya-

208 1300 340 1369 uactem,
371 1295 491 1355 omuino
514 1294 594 1353 illum
618 1313 679 1354 nou
702 1295 944 1355 existimabimus.
987 1296 1079 1354 Immo
1106 1293 1273 1373 Sophocles
1296 1295 1336 1355 de

207 1398 331 1473 antiqua
353 1397 439 1474 epica
461 1397 611 1469 memoria,
634 1396 795 1456 secuudum
820 1417 909 1475 qnam
933 1398 1090 1474 Astyanax
1114 1397 1213 1458 iulans
1236 1395 1336 1473 fuit2),

208 1500 370 1560 recessisse
392 1500 520 1572 videtur,
554 1519 621 1559 cum
644 1518 768 1576 puerum
793 1501 882 1561 talem
906 1499 1076 1577 induceret;
1110 1501 1188 1560 sieut
1209 1501 1336 1561 omniuo

208 1602 342 1662 videmus
366 1620 431 1662 eum
455 1620 511 1678 pro
534 1604 636 1681 pueris
659 1602 778 1678 saepius
800 1601 1040 1663 adulescentulos
1056 1603 1245 1663 substituere.
1278 1603 1335 1664 Re·

207 1722 279 1763 vera
311 1703 403 1780 igitur
437 1704 538 1778 pueri
572 1704 601 1762 iu
634 1704 690 1762 hac
719 1702 822 1763 fabula
853 1702 976 1763 fuerunt
1006 1710 1108 1781 partes
1134 1703 1245 1782 nullae,
1280 1703 1334 1763 sed

208 1810 367 1881 susceptae
390 1811 461 1865 sunt
483 1805 585 1881 potius
600 1806 793 1882 Astyanactis
816 1810 918 1881 partes
941 1806 978 1866 ab
1001 1825 1062 1866 uuo
1085 1824 1123 1867 ex
1145 1806 1242 1867 tribus
1261 1806 1336 1883 legi-

207 1907 286 1965 timis
327 1905 537 1984 histrionibus,
581 1907 659 1965 sicut
694 1908 883 1967 Menoeceum
918 1906 947 1965 iu
987 1907 1057 1967 Eur.
1088 1906 1261 1967 Phoenissis
1303 1912 1337 1966 et

207 2008 329 2084 Hyllum
366 2010 395 2068 in
429 2006 520 2086 Soph.
539 2008 709 2068 Trachiniis
744 2008 782 2069 ab
816 2009 1008 2070 histrionibus
1037 2011 1258 2086 repraesentari
1291 2010 1336 2069 vi·

207 2111 319 2171 demus.
365 2112 558 2189 Menoeceus,
585 2130 650 2171 oum
678 2129 737 2171 non
763 2130 884 2190 pugnae
907 2113 1058 2190 particeps
1088 2113 1139 2184 sit,
1169 2118 1250 2172 certe
1278 2111 1336 2171 im·

207 2212 304 2292 pubes
336 2214 493 2291 cogitatur,
524 2231 652 2290 quocum
686 2215 818 2274 conciuit
847 2215 934 2274 etiam
963 2212 1049 2287 ratio,
1080 2214 1199 2291 quiade
1224 2233 1261 2274 eo
1288 2215 1337 2275 lo-

208 2320 352 2391 quuntur,
383 2313 420 2374 cf.
440 2318 559 2376 nhdl:
594 2295 694 2386 οὗτος
725 2309 761 2374 δὲ
791 2312 917 2386 πῶλος.
970 2315 1079 2393 Hyllus
1109 2320 1208 2377 autem
1240 2315 1336 2393 vulgo

208 2436 281 2477 saue
309 2435 386 2495 puer
414 2418 575 2494 cogitatum
607 2417 644 2477 cl.
668 2419 792 2495 hypoth.
819 2419 857 2478 ad
879 2419 1000 2479 Traeis:
1026 2410 1184 2498 Ἡρακλῆς
1214 2411 1249 2478 δὲ
1281 2411 1336 2478 ἐν·

208 2508 404 2596 τειλάμενος
429 2502 550 2597 Ὕλλῳ,
585 2564 620 2577 ..
646 2564 667 2591 .,
701 2509 763 2599 τὴν
797 2507 899 2599 Ἰόλην
932 2506 1188 2598 ἀνδρωθέντα
1221 2517 1336 2603 γῆμαι.

208 2622 275 2681 Non
300 2638 387 2681 secus
410 2621 544 2697 loquitur
566 2619 692 2680 Ovidius
715 2622 809 2698 Epist.
825 2622 873 2693 lX,
890 2625 943 2682 44:
960 2637 1043 2697 puer
1064 2620 1184 2697 Hyllus.
1217 2623 1336 2682 'lamen

208 2727 237 2785 in
271 2722 425 2799 tragoedia
459 2727 504 2782 est
538 2723 729 2801 adulescens,
771 2724 915 2801 siquidem
950 2723 986 2783 ab
1020 2723 1166 2784 histrione
1198 2724 1336 2801 legitimo

209 2829 452 2900 repraesentatur
482 2823 532 2896 (cf.
559 2826 646 2885 etiam
674 2845 702 2884 v.
725 2829 778 2887 60:
815 2816 956 2904 πάρεστι
984 2823 1130 2907 χρῆσθαι
1166 2810 1336 2905 τάνδρί).

209 2928 297 3001 Quod
322 2929 480 3003 Astyanax
503 2928 582 3004 apud
606 2928 782 3004 Sophoclem
806 2947 838 2988 se
861 2928 957 3007 ipsum
973 2919 1094 3007 μικρὸν
1109 2934 1206 3007 vocat,
1229 2931 1258 2989 in
1275 2929 1337 2990 hoc

210 3049 269 3090 uou
294 3030 506 3090 offendendum
530 3037 588 3090 est:
611 3031 714 3090 eodem
738 3032 803 3091 inre
819 3032 999 3091 Menoeceus
1015 3031 1195 3108 Euripideus
1217 3028 1337 3104 πῶλος

209 3134 327 3193 dicitur.
361 3134 462 3193 Facile
484 3137 583 3192 autem
608 3135 731 3209 cogitari
755 3139 854 3209 potest
876 3153 928 3194 eos
951 3134 1120 3209 histriones,
1146 3136 1196 3211 qui
1218 3136 1336 3196 minore

210 3242 328 3295 stat-ura
351 3241 445 3311 erant,
467 3237 543 3295 tales
567 3239 612 3306 (ut
628 3235 715 3295 etium
733 3232 921 3308 seminarum)
945 3242 1046 3313 partes
1070 3238 1251 3314 suscepisse;
1274 3237 1337 3298 lor·

209 3345 289 3398 tasse
316 3340 403 3399 etiam
434 3344 558 3399 extenuo
590 3345 737 3416 apparatu
760 3340 952 3410 (calceorum)
984 3340 1081 3418 figura
1103 3341 1337 3401 diminuebatur.

210 3443 302 3501 Plura
318 3443 356 3501 de
373 3444 430 3503 hoc
446 3461 566 3519 pueros,
589 3445 639 3520 qui
657 3443 814 3520 propiores
831 3453 901 3504 suut
916 3444 1147 3519 adulescentiae,
1170 3445 1336 3505 inducendi

211 3563 301 3619 more,
324 3545 403 3605 iufra
426 3546 466 3620 (p.
480 3542 554 3617 288)
578 3545 747 3622 disputabo.
791 3549 946 3625 Astyanax
970 3547 1060 3623 igitur
1083 3548 1278 3626 Sophocleus,
1310 3548 1337 3607 is

210 3648 287 3707 enim
311 3647 396 3707 nohis
419 3653 485 3708 erat
507 3650 689 3725 propositus,
712 3650 837 3710 viriliter
859 3668 891 3710 se
914 3650 1016 3727 gessit,
1038 3655 1173 3729 raptores
1196 3654 1226 3711 et
1248 3650 1336 3711 iuda-

297 3865 318 3930 l)
337 3879 363 3917 v.
376 3862 573 3931 Heydemauu,
601 3863 743 3932 Iliupersis
766 3863 815 3918 aul
837 3865 911 3919 einer
933 3864 1114 3921 Trinkscbale
1139 3865 1190 3921 des
1213 3865 1338 3937 Brygos,

210 3947 280 4003 Berl.
297 3952 370 4015 1866,
389 3948 445 4003 Τ.1
464 3974 495 3994 =
509 3948 598 4004 Wieu.
609 3949 741 4005 Vorl.·Bl.
760 3949 816 4005 Ser.
824 3949 900 4018 Vlll,
918 3949 1009 4006 T.1v.

297 4052 319 4119 ²)
338 4050 372 4107 ef.
391 4051 422 4106 ll.
434 4066 510 4121 parv.
529 4050 579 4120 ἧς.
593 4057 631 4116 18,
645 4056 703 4119 til:

398 4139 485 4190 naida
503 4121 528 4190 ὁ)
540 4130 615 4192 ἑλὼν
634 4132 667 4192 ἐκ
686 4133 798 4191 κόλπου
818 4131 1016 4204 ἐυπλοκάμοιο
1034 4134 1153 4208 τιθήνης

399 4220 467 4291 ῥῖψε
485 4218 573 4286 ποδὸς
591 4218 721 4292 τεταγὼν
740 4217 797 4277 ἀπὸ
817 4217 929 4294 πύργου
947 4227 1009 4277 κτλ.

211 4323 307 4394 Itaque
325 4330 397 4380 errat
414 4325 555 4394 Mayerus,
579 4341 641 4379 cum
665 4325 738 4379 dieat
762 4328 913 4381 secuudum
932 4327 1037 4397 epicam
1056 4328 1213 4383 memoriam
1231 4327 1336 4401 Astya-

212 4415 319 4469 nactem
338 4415 429 4466 aetate
447 4411 576 4469 maiorem
595 4409 691 4470 fuisse.
