3104 5198
1270 403 1329 461 241

211 592 248 632 ex
272 573 393 650 Hygino
420 571 649 646 fabulam(01)‚
680 591 740 650 qua
770 576 909 633 narratur
931 572 1113 650 Telephum,
1136 578 1168 632 ut
1191 573 1332 651 vulneris,

211 675 291 750 qrrod
321 675 358 733 ab
381 675 500 735 Achille
529 682 699 752 acceperat,
730 675 876 735 medelam
907 676 1143 747 nancisceretur,
1173 677 1201 735 in
1233 680 1332 735 castra

211 778 394 837 Achivorum
432 779 612 855 ingressum,
656 782 743 854 rapto
781 778 907 854 parvulo
943 770 1063 855 Oreste,
1108 778 1220 868 obsidis
1257 779 1333 854 loco,

211 880 356 940 Achillem
386 899 417 940 se
445 898 552 940 sanare
579 882 721 956 coegisse.
765 882 950 958 Responsum
974 882 1051 939 cuim
1082 881 1108 939 ei
1131 881 1169 940 ab
1191 881 1332 958 Apolline

212 988 276 1042 erat
311 982 451 1058 erindem,
477 984 527 1055 qui
551 983 749 1059 vulnerasset,
780 989 954 1042 sanaturum
978 1001 1051 1043 csse.
1072 1013 1115 1023 -
1137 983 1259 1044 Orestes
1281 984 1332 1044 ille

212 1087 346 1146 nimirum
381 1083 509 1157 inians¹l
545 1087 679 1145 minimae
714 1087 817 1145 aetatis
850 1085 1028 1161 cogitandus
1062 1092 1107 1145 est
1137 1104 1174 1145 ex
1206 1087 1331 1164 vulgari,

211 1207 298 1264 quam
312 1207 404 1264 supra
416 1189 499 1264 attigi
512 1185 553 1264 (p.
566 1186 649 1258 235),
663 1188 810 1247 memoria.
855 1188 988 1247 Nobilem
1002 1187 1093 1266 illam,
1105 1206 1164 1264 qna
1179 1188 1332 1266 Telephus

212 1294 346 1350 Orestem
370 1292 462 1367 rapit,
491 1309 643 1366 scaenam,
673 1310 750 1367 quae
773 1289 852 1368 apud
877 1290 1049 1368 Euripidem
1079 1291 1272 1368 praecipuum
1301 1292 1331 1350 in

212 1394 313 1451 fabula
348 1394 442 1453 locum
477 1392 608 1453 tenuisse
641 1393 774 1471 videtur,
810 1411 848 1452 ne
881 1393 960 1469 apud
995 1394 1177 1470 Aeschylum
1211 1393 1332 1471 quidem

211 1495 341 1555 defuisse
383 1495 545 1555 scholiasta
580 1494 618 1555 ad
654 1498 704 1554 Ar.
730 1496 803 1555 Aclr.
831 1499 891 1557 332
929 1499 1068 1555 testatur:
1117 1487 1188 1554 ἐπεὶ
1221 1489 1278 1553 καὶ
1312 1479 1330 1554 ὁ

215 1588 359 1677 Τήλεφος
382 1588 469 1656 κατὰ
490 1585 551 1656 τὸν
573 1587 833 1676 τραγῳδοποιόν
853 1586 1033 1674 Αἰσχύλον,
1057 1590 1111 1656 ἵνα
1134 1588 1217 1675 τύχῃ
1238 1582 1331 1676 παρὰ

211 1707 280 1770 τοῖς
303 1687 436 1779 Ἕλλησι
465 1695 642 1780 σωτηρίας,
680 1688 740 1761 τὸν
770 1686 918 1778 Ὀρέστην
947 1688 1011 1777 εἶχε
1041 1690 1239 1776 συλλαβών·
1263 1721 1330 1761 nam

211 1806 323 1864 etiamsi
356 1806 465 1881 ubique
494 1804 532 1864 ibi
559 1804 714 1880 Euripides
737 1804 890 1880 irridetur,
919 1805 961 1862 ita
984 1810 1016 1864 ut
1038 1805 1174 1864 nonnulli
1198 1805 1331 1865 homines
1429 1871 1433 1881 ¹

211 1909 290 1967 docti
326 1908 396 1967 illud
428 1896 595 1984 Αἰσχύλον
628 1926 681 1983 per
714 1925 845 1966 errorem
881 1907 1007 1983 positum
1042 1924 1107 1966 esse
1141 1909 1332 1985 coniecerint,

211 2011 346 2088 cipridem
371 2013 500 2070 animum
517 2010 660 2070 iuducere
677 2029 735 2070 non
753 2028 883 2088 possum,
907 2017 938 2069 ut
954 2010 1044 2069 ullum
1061 2017 1332 2087 commentatorem,

211 2115 344 2190 qrrisquis
360 2114 424 2191 luit,
447 2121 505 2172 tam
522 2113 670 2190 stupidum
688 2118 799 2190 putem,
823 2118 855 2173 ut
871 2113 1060 2190 Euripideum
1079 2113 1206 2173 fabulam
1223 2116 1331 2192 respici

211 2238 269 2276 ιιοιι
300 2219 431 2276 sentiret.
477 2217 569 2276 Mirus
599 2216 735 2292 prolecto
765 2223 845 2276 esset
872 2217 1113 2276 commentatoris
1136 2234 1234 2292 error,
1264 2235 1330 2276 cum

211 2320 407 2395 ileschyleam
424 2320 546 2378 atierret
560 2319 736 2396 Telephum,
759 2338 818 2396 qua
834 2318 1023 2397 Euripideum
1041 2319 1132 2378 multo
1149 2320 1331 2392 nobiliorem,

212 2424 301 2481 mirlto
325 2422 438 2481 diutius
461 2430 562 2482 uotam
585 2422 677 2482 luisse
700 2422 868 2481 testimonia
891 2420 1039 2494 docentll
1078 2425 1182 2498 ltaque
1205 2422 1330 2482 eandem

210 2529 272 2584 sive
307 2524 427 2584 similem
463 2543 599 2584 scaenam
633 2523 713 2601 apud
745 2524 928 2600 Aeschylum
964 2524 1130 2584 occurrisse
1158 2530 1331 2596 statuamus,

211 2630 322 2688 etiamsi
351 2647 408 2688 nou
433 2631 464 2686 ut
487 2627 567 2705 apud
590 2626 761 2704 Euripidem
784 2626 934 2702 Telephus
957 2625 1056 2686 Oresti
1080 2645 1181 2687 necem
1206 2628 1332 2688 minatus

211 2750 283 2804 esee,
307 2730 357 2790 sed
382 2749 447 2790 eum
472 2734 584 2790 tantum
609 2728 739 2789 obsidem
757 2748 920 2806 occupasse
937 2728 1063 2807 videtur,
1086 2730 1167 2806 quod
1183 2732 1332 2790 cernimus

211 2836 238 2891 iu
264 2834 432 2909 antiquiore
450 2831 609 2904 vasculo.³)
647 2832 749 2891 Infans
764 2832 812 2891 ille
828 2833 965 2892 nimirum
982 2833 1141 2892 simulacro
1158 2852 1331 2911 repracsen-

212 2944 290 2995 tatus
325 2943 381 3008 cst,
412 2936 491 2994 sicut
519 2954 573 3011 pro
597 2935 776 2995 Prometheo
803 2953 923 3011 queque
946 2935 975 2993 ln
999 2935 1082 2994 initio
1105 2935 1222 2995 tabulae
1245 2938 1331 2996 simu-

211 3039 322 3097 lacrum
347 3044 392 3097 est
419 3037 621 3097 substitutum.
665 3038 771 3114 Neque
802 3038 832 3096 in
863 3056 897 3096 eo
925 3036 1136 3097 offendendum
1161 3043 1219 3113 est,
1250 3038 1332 3115 quod

211 3140 290 3215 talita,
314 3148 345 3199 ut
367 3145 484 3216 raptum
507 3139 637 3210 infantis,
661 3141 689 3198 in
714 3157 824 3198 scaena
839 3139 1008 3215 Aeschylea
1030 3140 1150 3199 omnino
1167 3141 1331 3200 occurrisse

211 3251 295 3318 puto,
320 3243 410 3301 multo
434 3244 510 3301 enim
535 3243 621 3318 plura
643 3242 810 3319 agebantur
830 3242 859 3300 in
875 3244 999 3318 antiqua
1015 3260 1102 3318 quam
1119 3243 1149 3300 in
1166 3245 1332 3319 posteriorc

210 3363 331 3417 severia,
360 3346 437 3403 sicot
467 3363 492 3404 e.
515 3364 543 3421 g.
574 3345 720 3404 Hercules
749 3345 780 3403 in
809 3342 985 3423 Προμηθεῖ
1010 3338 1164 3423 λυομένῳ
1194 3345 1332 3405 inductus

211 3455 255 3506 est
284 3449 413 3524 aquilam
451 3449 561 3524 sagitta
598 3446 777 3520 occidens.⁴l
822 3448 929 3523 ltaque
960 3445 1118 3523 Euripides
1154 3447 1209 3506 hac
1238 3449 1268 3506 in
1300 3466 1331 3508 re

211 3551 390 3626 Aeschylum
415 3549 545 3610 imitatus
568 3556 622 3610 est.

215 3787 374 3794 ---..-
379 3788 415 3794 —

296 3873 317 3936 ¹)
336 3870 511 3924 Conveniunt
529 3869 631 3937 Hygini
651 3868 745 3923 verba:
765 3868 908 3935 „Orestem
927 3869 1017 3937 rapuit
1034 3868 1069 3922 de
1088 3867 1258 3923 cunabulis“.

295 3959 317 4023 2)
336 3956 399 4009 Vid.
417 3954 495 4024 irgm.
519 3955 593 4023 apud
618 3953 776 4010 Nauckium.
813 3955 941 4009 Ceterum
964 3952 998 4008 cf.
1024 3969 1093 4023 quac
1117 3953 1244 4010 intrude
1268 3955 1331 4008 Eur.

211 4042 334 4110 Telepho
353 4041 501 4111 disputavi.

295 4130 318 4194 8)
337 4127 399 4182 Vid.
424 4126 454 4181 0.
477 4126 569 4193 Jahn,
603 4126 685 4180 Arch.
709 4125 789 4180 Auta.
816 4125 870 4181 tab.
894 4130 921 4191 ιι
954 4126 987 4181 et
1013 4125 1136 4194 Robert,
1162 4125 1253 4181 Jahrb.
1281 4125 1332 4181 dea

211 4213 324 4268 Kaiserl.
343 4213 502 4267 Deutschen
521 4212 603 4266 Arch.
616 4212 682 4266 Inst.
696 4211 731 4278 ΙΙ,
751 4216 824 4278 1887,
843 4228 870 4279 p.
883 4215 941 4267 248.

296 4303 318 4363 ¹)
336 4298 415 4363 Quod
434 4297 529 4352 docuit
541 4297 572 4352 G.
584 4298 684 4367 Haupt,
703 4303 849 4352 comment.
862 4296 932 4352 arch.
952 4297 978 4350 in
991 4296 1101 4364 Aesch,
1119 4296 1227 4351 dissert.
1241 4295 1331 4366 inaug.

212 4384 271 4438 llal.
288 4389 359 4452 1896,
378 4383 450 4454 apud
469 4383 668 4454 lliemeyerum,
686 4399 711 4453 p.
729 4387 784 4437 121.
