3104 5198
1268 438 1329 496 243

208 629 271 690 χον
283 598 531 690 φίλανΆτρέοος,
543 607 640 689 τέρας
651 604 746 672 έκκο·
799 610 895 670 θεῖσα
929 593 988 669 ὑπ’
1021 594 1136 668 αὐτοῦ.
1186 603 1335 685 χρησμοῦ

210 709 295 792 μίξει
318 705 402 791 πρὸς
426 705 570 792 δώματα.
798 702 860 791 γὰρ
897 702 1078 791 γεγονότος
1114 717 1186 781 τοῖς
1218 708 1334 787 Μυκη-

800 811 905 886 ναίοις
921 806 1056 875 ἑλέσθαι
1075 807 1213 887 βασιλέα
1229 809 1334 871 Πελο-

797 913 900 997 πίδην
910 915 940 989 ¹),
955 911 1211 994 μετεπέμψαντο
1226 901 1336 992 λίτρέα

214 1007 369 1099 νεόμενος
385 1007 415 1081 δ’
431 1015 485 1093 είς
505 1007 675 1098 ἀγόρους
690 1007 745 1081 ἀύ-
799 1014 855 1078 καὶ
874 1014 1034 1098 θυέστην.
1059 1007 1163 1096 λόγου
1186 1010 1220 1075 δὲ
1243 1034 1335 1094 γενο-

212 1141 261 1181 τει
294 1113 366 1182 τόν
397 1114 615 1201 κερόεσσαν
646 1115 748 1202 ἔχειν
798 1117 901 1200 μένου
923 1117 1000 1199 περὶ
1022 1118 1082 1198 τῆς
1104 1114 1273 1193 βασιλείας
1287 1111 1336 1194 ἐξ·

210 1217 487 1304 χρυσόμαλλον
528 1217 614 1286 κατὰ
653 1221 747 1305 δῶμα
798 1232 871 1284 είπε
910 1219 1056 1303 Θυέστης
1097 1219 1151 1301 τῷ
1188 1215 1336 1303 πλήθει

213 1323 397 1405 ποίμναν.
799 1316 863 1405 τήν
885 1321 1055 1401 βασιλείαν
1078 1321 1148 1384 δεῖν
1164 1316 1250 1402 ἔχειν
1264 1314 1336 1382 τὸν

800 1421 939 1507 ἔχοντα
962 1419 1032 1508 τὴν
1047 1417 1145 1505 ἄρνα
1161 1417 1231 1507 τὴν
1245 1443 1336 1504 χρυ-

800 1529 887 1611 σῆν·
941 1524 1150 1607 συνθεμένου
1194 1524 1230 1589 δὲ
1273 1527 1336 1588 τοῦ

789 1618 925 1711 Ἀτρέως
962 1627 1069 1708 δείξας
1105 1626 1336 1708 ἐβασίλευσεί)

801 1726 896 1807 Ζεὺς
919 1730 953 1795 δὲ
965 1719 1084 1816 Ἑρμῆν
1107 1730 1229 1812 πέμπει
1252 1720 1337 1812 πρός

792 1825 903 1917 λίτρέα
939 1833 995 1897 καὶ
1030 1833 1117 1915 λέγει
1149 1831 1337 1896 συνθέσθαι

801 1933 886 2019 πρός
911 1936 1061 2020 θυέστην
1090 1936 1165 2018 περὶ
1192 1935 1255 1999 τοῦ
1282 1937 1337 2012 βα·

216 2035 291 2102 τότε
308 2030 348 2124 δὴ
363 2033 441 2105 τότε
457 2036 603 2118 φαεννὰς
615 2034 749 2122 ἄστρων
802 2040 951 2103 σιλεῦσαι
968 2029 1089 2120 Ἀτρέα,
1112 2035 1141 2101 εί
1163 2033 1225 2122 την
1244 2034 1338 2100 έναν·

215 2132 365 2223 μετέβασ’
410 2130 512 2217 όδοός
555 2138 649 2218 Ζεὺς
692 2143 749 2206 καί
801 2142 877 2205 τίαν
900 2130 1029 2205 όδεόσει
1049 2129 1200 2215 ὁἭλιος.
1238 2139 1339 2204 θυέσ-

215 2247 337 2326 φέγγος
353 2236 466 2308 ἀελίου
482 2240 603 2308 λευκόν
618 2267 653 2309 τε
669 2241 747 2326 πρό·
802 2268 865 2309 του
889 2243 924 2308 δέ
939 2243 1148 2326 συνθεμένου
1163 2237 1225 2328 τὴν
1241 2237 1338 2306 δόσιν

215 2363 334 2410 σιοπον
363 2336 443 2421 ἀοῦς
465 2350 537 2411 κτλ.
803 2345 848 2422 είς
872 2337 1037 2421 ἀνατολὰς
1060 2334 1206 2421 ὁἭλιος
1229 2340 1338 2430 έποιή·

803 2466 901 2514 σατο·
926 2440 1011 2514 ὅθεν
1025 2440 1339 2532 έκμαρτυρήσαντος

216 2557 324 2616 Αεεοίι.
340 2557 442 2634 Agam.
462 2561 542 2619 1583
554 2576 619 2636 sqq.
639 2557 750 2633 (weil.)
802 2554 864 2616 τοῦ
901 2549 1059 2634 δαίμονος
1091 2547 1154 2636 τὴν
1188 2550 1339 2616 Θυέστου

206 2642 335 2735 λίτρεός
357 2647 418 2737 γὰρ
441 2646 551 2737 ἄρχων
569 2657 665 2741 τῆςδε
684 2658 751 2742 γῆς,
803 2654 1016 2734 πλεονεξίαν,
1063 2649 1124 2739 τὴν
1168 2653 1340 2731 βασιλείαν

216 2752 343 2819 τούτου
361 2753 482 2838 πατήρ,
505 2758 634 2840 πατέρα
651 2758 750 2823 θυέσ-
793 2748 922 2840 λίτρευς
934 2755 1101 2838 παρέλαβε
1114 2755 1170 2818 καί
1188 2755 1339 2839 θυέστην

217 2879 278 2941 την
318 2853 380 2921 τόν
416 2854 510 2939 έμόν,
555 2848 601 2937 οός
645 2864 753 2943 τορῶς
803 2852 1038 2942 ἐφυγάδευσεν.
1079 2853 1280 2940 αίσθόμενος
1303 2856 1339 2921 δὲ

217 2954 354 3040 φράσαι,
392 2950 498 3025 αὑτοῦ
533 2953 562 3025 δ’
592 2953 775 3057 ἀδελφόνί
804 2964 864 3045 τῆς
879 2961 1024 3044 μοιχείας
1046 2951 1190 3042 ὕστερον
1211 2954 1339 3044 κήρυκα

217 3052 421 3144 ἀμφίλεκτος
433 3056 482 3126 ὢν
494 3059 619 3146 κράτει,
634 3056 752 3150 ἠνδρη·
804 3064 937 3146 πέμψας
959 3061 1013 3127 ἐπὶ
1037 3057 1216 3144 διαλλαγὰς
1232 3050 1339 3124 αὐτόν

218 3159 362 3246 λάτηοεν
395 3164 433 3228 έκ
463 3162 595 3243 πόλεως
627 3189 662 3231 τε
696 3167 750 3230 καί
774 3147 776 3223 ί
804 3161 923 3232 έκάλει.
958 3157 1340 3247 καὶφευσόμενοςείναι

219 3261 341 3347 δόμεον.
774 3270 777 3303 ¹
805 3268 918 3349 φίλος,
945 3267 1220 3350 παραγενομένου
1260 3261 1341 3342 τούς

806 3370 941 3448 παῖδας,
973 3360 1032 3444 οὓς
1058 3363 1145 3452 είχεν
1167 3367 1205 3433 ἐκ
1227 3365 1341 3451 νηίδος

807 3467 948 3556 νόμφης,
969 3461 1108 3554 Ἆγλαόν
1136 3470 1192 3535 καὶ
1223 3473 1341 3536 Καλλι·

218 3574 274 3637 καὶ
296 3568 599 3656 προστρόπαιος
621 3570 753 3652 ἑστίας
774 3556 777 3579 ’
807 3575 928 3639 λέοντα
954 3573 1010 3637 καί
1033 3563 1241 3657 Ὀρχομενόν,
1276 3571 1340 3636 ε’πί

218 3669 333 3758 μολών
359 3671 464 3739 πόλιν
492 3673 628 3762 τλήμων
654 3672 777 3809 ἐμέο-η
806 3673 876 3741 τόν
906 3672 995 3753 Διός
1028 3668 1161 3758 βωμόν
1190 3678 1341 3739 καθεσ·

219 3803 276 3861 της
290 3790 412 3860 μοῖραν
428 3769 538 3863 ηὕρετ’
554 3772 697 3861 ἀσφαλῆ,
714 3773 754 3844 τό
775 3822 777 3831 ι
807 3779 953 3855 θέντας
975 3776 1108 3854 ίκέτας
1131 3774 1260 3859 ἔσφαξε,
1284 3775 1341 3839 καὶ

219 3874 262 3962 μη
291 3877 410 3944 θανών
435 3883 599 3965 πατρῷον
619 3878 753 3966 αίμόξαι
804 3880 939 3965 μελίσας
953 3881 1009 3944 καί
1024 3871 1221 3966 καθεφὴσας
1236 3901 1341 3963 παρα·

219 3983 326 4047 πέδον
341 3973 477 4065 αότόςλ)
493 3984 586 4064 ξενία
602 3983 638 4048 δὲ
653 3964 778 4066 τοῦδεί
805 3984 919 4069 τίθησι
958 3982 1087 4064 θυέστη
1127 3982 1229 4066 χωρίς
1270 3983 1342 4045 τῶν

308 4224 327 4281 ¹)
347 4221 405 4274 Hoc
425 4221 596 4275 enuntiatum
616 4219 696 4276 deest
714 4222 741 4274 in
760 4221 854 4276 scholl.
874 4221 954 4275 Hom.
973 4225 1001 4274 ot
1018 4220 1082 4274 Eur.

306 4310 328 4372 ²)
348 4305 408 4360 Hoc
426 4306 596 4360 enuntiatum
615 4306 745 4361 omissum
765 4307 853 4361 estin
872 4304 966 4360 scholl.
986 4305 1065 4360 Hom.
1085 4309 1113 4359 et
1130 4304 1194 4360 Eur.

307 4393 329 4458 ⁸)
348 4391 387 4446 Oi.
406 4390 585 4446 Blomfieldus
602 4407 654 4461 pro
673 4391 740 4446 trad.
760 4386 857 4449 αὐτοῦ.
