3104 5198
316 465 378 523 266

317 648 462 691 summum
493 630 652 691 discrimen
682 634 816 705 vocatur,
847 633 926 709 ipsos
956 631 1116 693 ostendere
1147 634 1366 711 spectatoribus
1389 635 1442 694 vix

317 736 416 794 omisit
446 732 615 809 Euripides.
662 733 721 795 Sed
755 735 883 795 certiora
916 735 953 795 de
986 754 1088 795 eorum
1119 735 1256 812 partibus
1286 738 1349 796 erui
1381 756 1442 798 uon

316 841 452 915 possunt.
496 838 542 895 De
565 840 709 915 tempore,
740 855 799 914 quo
831 837 919 898 docta
949 839 988 898 sit
1018 839 1092 898 haec
1119 837 1232 913 fabula,
1261 839 1338 899 idem
1361 840 1444 900 valet

317 938 398 1014 quod
421 936 458 997 de
481 938 616 1015 Thyesta
639 939 816 1016 ceterisque,
842 940 971 1016 quaein
995 957 1106 999 scaena
1128 940 1179 998 illa
1202 940 1441 1000 Acharnensium

317 1044 482 1100 occurrunt
504 1039 545 1110 (v.
567 1060 595 1117 p.
610 1039 694 1113 250).
738 1041 875 1103 Ceterum
906 1043 1072 1117 argumenti
1105 1048 1230 1118 natura,
1263 1041 1344 1102 diras
1378 1061 1442 1102 mu·

316 1143 419 1203 lierum
451 1143 631 1219 cupiditates
660 1149 749 1220 alque
779 1145 995 1205 aemulationes
1026 1145 1101 1221 dico,
1135 1150 1168 1204 ut
1189 1143 1321 1205 fabulam
1344 1163 1442 1223 propo

316 1264 427 1306 aunum
450 1249 514 1308 430
536 1265 691 1324 ponamus,
714 1246 828 1308 suadet

400 1383 437 1442 In
460 1378 552 1445 lauru
575 1402 715 1460 puerum,
737 1402 865 1461 cumque
888 1383 1031 1444 inlautum
1055 1384 1144 1444 modo
1168 1389 1284 1460 natum,
1307 1385 1440 1444 Macarei

318 1490 348 1546 et
371 1485 505 1547 Canaces
526 1487 632 1562 filium,
665 1488 694 1547 iu
726 1506 834 1547 scaena
864 1488 1042 1564 apparuisse
1069 1486 1170 1547 sabula
1197 1489 1263 1564 ipsa
1285 1488 1441 1565 probatur,

318 1607 395 1666 quae
426 1589 511 1650 uobis
542 1590 579 1650 ab
602 1587 711 1650 Ouidio
738 1588 914 1667 (Epistlll)
944 1594 974 1650 et
1000 1591 1141 1650 Pu-Plnc
1163 1590 1284 1664 (Parall.
1300 1590 1369 1651 miu.
1385 1590 1440 1661 38)

315 1692 425 1751 tradita
448 1697 501 1752 est.
544 1694 605 1751 Pro
635 1697 718 1753 certo
749 1693 825 1753 cuim
856 1693 1061 1770 accipiendum
1089 1698 1134 1754 est
1163 1698 1279 1770 poetam
1308 1712 1369 1754 rem
1398 1692 1442 1752 ita

316 1795 491 1870 instituisse,
521 1800 554 1855 nt
576 1795 687 1855 Aeolus
710 1801 796 1872 pater
819 1814 917 1855 coram
942 1797 1007 1872 ipso
1031 1794 1154 1872 infante,
1184 1795 1235 1872 qui
1258 1803 1324 1856 erat
1347 1795 1440 1855 totius

316 1896 436 1957 fabulae
460 1899 544 1975 quasi
569 1897 670 1974 cardo,
693 1899 838 1975 originem
862 1899 926 1957 eius
949 1916 986 1957 ex
1001 1897 1061 1957 filia
1078 1902 1249 1974 quaereret:
1271 1915 1342 1956 vere
1359 1898 1439 1957 enim

316 2000 373 2059 hoc
400 2000 606 2067 dramaticum3
635 2001 770 2060 nimirum
802 2000 991 2060 simulacrum
1023 1999 1186 2060 secundum
1210 2018 1295 2060 usum
1319 2001 1438 2060 sollem-

315 2120 383 2160 nem
407 2103 437 2161 in
460 2120 599 2162 scaenam
624 2121 679 2180 pro
703 2103 770 2163 vivo
793 2103 906 2163 infante
929 2105 1117 2181 apportatum
1142 2108 1195 2163 est

403 2240 501 2300 Simile
536 2245 582 2298 est
609 2233 797 2316 Melanippus
831 2233 1024 2317 philosophae
1062 2243 1283 2316 argumentum,
1314 2257 1374 2315 qua
1408 2238 1438 2298 in

315 2341 416 2401 labula
448 2347 549 2401 notum
578 2346 624 2401 cst
651 2343 841 2419 Melanippae
869 2342 947 2402 lilios
975 2345 1127 2419 expositos
1156 2361 1174 2400 a
1204 2341 1372 2419 pastoribus
1396 2343 1439 2401 in·

315 2449 430 2520 uentos,
452 2444 491 2502 ad
514 2445 640 2504 Aeolum
664 2464 751 2504 avum
785 2451 959 2522 apportatos
990 2447 1076 2505 matri
1099 2445 1155 2522 ipsi
1180 2444 1357 2504 cremandos
1379 2449 1439 2504 tra·

316 2546 394 2606 ditos
417 2565 495 2606 esse:
519 2564 591 2624 ergo
608 2549 637 2605 in
653 2564 790 2606 scaenam
808 2553 896 2607 crant
910 2547 1084 2624 inducendi,
1105 2547 1228 2625 etiamsi,
1250 2551 1283 2606 ut
1298 2547 1438 2620 infantes,

313 2649 481 2709 simulacris
511 2657 581 2708 sunt
611 2651 835 2726 repraesentati.
859 2682 899 2688 -
933 2651 974 2711 Ut
1003 2656 1101 2710 autem
1133 2651 1246 2727 primae
1273 2651 1364 2709 aetati
1387 2649 1438 2708 ad·

315 2753 441 2811 scribam
474 2752 550 2811 hanc
572 2753 788 2829 Melanippum,
820 2751 982 2812 Robertum
1010 2769 1140 2829 sequeus
1171 2751 1306 2811 adducor
1337 2771 1372 2811 ea
1395 2770 1439 2830 re,

315 2854 395 2931 quod
419 2854 546 2926 fabulas,
577 2873 702 2932 quarum
732 2860 823 2932 caput
846 2861 892 2916 est
918 2855 955 2915 de
978 2856 1068 2915 rebus
1091 2855 1227 2914 omnibus
1251 2854 1361 2913 divinis
1384 2854 1439 2914 hu·

315 2958 469 3033 manisque
492 2952 678 3034 meditatio,¹)
701 2958 783 3016 velut
807 2957 1074 3034 Bellerophontem,
1097 2958 1193 3034 prima
1207 2960 1321 3016 mutum
1339 2960 1437 3016 aetate

314 3059 469 3136 scripsisse
492 3065 581 3135 pocta
604 3060 730 3120 videtur.

399 3197 434 3256 ln
456 3190 651 3258 cretensibus
666 3192 826 3278 (Κρῆτες),
848 3216 937 3275 quam
954 3202 1078 3275 propter
1098 3198 1250 3257 materiam
1272 3200 1438 3273 tractatam,

314 3317 444 3359 amorem
473 3297 618 3359 nefarium
650 3297 725 3368 dico,
756 3299 851 3358 eidem
884 3301 973 3359 aelati
997 3298 1210 3375 adiudicamm,
1234 3299 1436 3358 Minotaurum

314 3403 472 3478 parvulum
496 3402 525 3460 in
550 3420 658 3462 scaena
682 3407 829 3462 ostentum
854 3403 945 3462 luisse
961 3402 1119 3461 verisimile
1135 3407 1189 3462 est.
1218 3403 1294 3462 Nam
1319 3406 1438 3462 constat

314 3507 435 3566 omnino
459 3507 617 3566 scelestum
640 3507 808 3583 Pasiphaae
839 3525 904 3565 cum
934 3510 1020 3566 tauro
1043 3505 1095 3565 illo
1118 3507 1271 3582 Neptunio
1295 3523 1437 3565 commer-

314 3609 390 3667 cium
422 3612 630 3683 argumentum
661 3609 835 3683 tragoediae
865 3608 965 3668 luissc.
1013 3608 1155 3668 Scaeuam
1186 3609 1343 3682 tragicum,
1376 3624 1437 3683 qua

313 3716 493 3787 apportatur
517 3713 704 3770 Minotaurus
726 3712 882 3787 parvulus,
904 3712 932 3769 in
956 3709 1107 3769 nonnullis
1131 3710 1213 3768 cistis
1229 3709 1365 3769 Etruscis
1387 3728 1437 3769 cx·

313 3831 445 3890 pressam
477 3814 675 3873 ostenderunt
698 3813 731 3875 0.
748 3812 900 3884 launiusl)
929 3819 959 3872 ct
981 3813 1016 3873 G.
1031 3808 1217 3880 Koer·tius.³).
1262 3812 1367 3887 ltaque
1391 3813 1436 3871 vi·

314 3914 402 3974 detur
431 3917 621 3975 simulacrum
655 3916 684 3973 in
715 3917 843 3991 speciem
876 3914 997 3975 infantis
1025 3921 1116 3990 caput
1139 3913 1280 3973 bubulum
1304 3912 1437 3990 gerentia

313 4016 471 4078 formatum
503 4020 531 4078 in
555 4037 692 4078 scaenam
717 4018 871 4078 inductum
895 4035 969 4077 csse.
1013 4016 1100 4091 Quod
1123 4017 1242 4077 minime
1265 4014 1435 4076 mirandum

400 4269 421 4336 ¹)
439 4266 473 4323 cl.
492 4268 544 4336 frg.
554 4272 612 4336 484,
630 4274 751 4325 ceterum
770 4269 824 4324 uid.
840 4271 873 4324 R.
884 4269 1016 4337 Wllnseh,
1034 4269 1103 4324 idus.
1116 4269 1202 4324 ercu.
1218 4267 1316 4335 XLIX,
1329 4271 1359 4322 al
1372 4283 1434 4336 sqq.

398 4357 421 4422 ²)
439 4355 520 4409 Arch.
533 4356 617 4410 Beitr.
635 4372 661 4424 p.
672 4361 731 4424 240,
740 4362 765 4411 9.

398 4443 422 4508 ⁸)
440 4440 543 4495 Hister.
563 4457 590 4495 u.
608 4440 702 4510 philol.
713 4441 857 4510 Aufsiitue,
876 4441 1014 4511 Featgabe
1031 4455 1066 4496 an
1084 4440 1243 4509 E.Gurtius‚
1261 4439 1344 4496 21X.
1359 4443 1435 4494 1884.
