3104 5198
209 396 270 453 234

209 566 372 641 aspectum,
394 566 484 638 atque
507 579 595 639 quem
618 563 814 639 cognovimus
835 562 866 622 ln
882 563 1060 634 Heraclidis,
1084 563 1228 624 habemus
1250 559 1341 620 initio

208 665 391 743 tragoediae,
413 665 431 724 i.
447 684 471 724 e.
497 669 617 724 matrem
635 666 796 741 Megaram,
819 667 867 725 eui
889 668 969 726 anxii
985 660 1178 743 applicantur
1192 664 1344 727 Herculia

209 775 271 829 tres
293 768 386 845 lilioli,
409 787 474 827 eum
499 774 585 846 patre
608 768 760 844 Herculis,
782 768 979 846 Amphiarao,
1002 787 1103 830 omnes
1126 771 1155 829 in
1180 788 1234 829 ara
1261 755 1345 836 Διὸς

208 866 360 951 σωτῆρος
388 870 540 948 supplices
567 869 716 930 sedentes.
760 871 795 931 V.
811 873 873 932 338
896 872 981 948 pueri
1004 890 1069 931 cnm
1094 877 1190 931 matre
1212 871 1344 930 domum

210 975 337 1045 intrant,
370 978 402 1033 ut
424 976 523 1033 vestes
546 973 688 1032 funebres
710 973 845 1033 induant.
890 974 1027 1034 Redeunt
1049 993 1076 1034 v.
1091 978 1153 1035 442
1178 993 1214 1034 ex
1241 977 1345 1032 matre

211 1078 291 1136 anxii
316 1075 491 1152 pendentes,
514 1080 546 1135 ut
568 1075 605 1134 ad
629 1081 753 1135 mortem
778 1076 933 1136 ducantur.
970 1076 1088 1136 Deinde
1111 1077 1190 1153 patri
1214 1074 1343 1135 obviam

210 1183 291 1256 eunt,
313 1178 340 1237 ei
363 1179 552 1256 applicantur
574 1178 681 1237 flentes
703 1175 799 1250 (529).
833 1179 911 1238 Vere
933 1178 1095 1239 dramatico
1111 1179 1159 1239 hic
1175 1176 1345 1253 Euripides

210 1282 312 1359 pueris
342 1299 413 1340 usus
436 1284 492 1355 est,
523 1297 588 1338 oum
612 1297 665 1339 eos
687 1279 800 1339 faceret
822 1285 936 1357 patrem
961 1280 1136 1341 redeuntem
1159 1281 1346 1354 salutantes,

210 1388 276 1443 arte
307 1401 338 1442 se
369 1384 432 1442 eius
462 1382 595 1442 vestibus
624 1383 822 1458 implicantes,
852 1382 962 1458 donee,
991 1390 1023 1443 ut
1045 1385 1139 1460 possit
1160 1381 1345 1460 procedere,

211 1503 263 1546 eos
279 1485 414 1545 manibus
429 1486 566 1561 accipiat,
581 1503 681 1544 secum
697 1488 797 1561 portet
812 1480 983 1562 (629sqq.);
999 1504 1062 1545 eam
1080 1485 1156 1545 enim
1174 1485 1344 1561 imaginem

210 1588 345 1648 videntes
368 1588 462 1664 magis
485 1607 574 1664 quam
599 1588 686 1646 meria
709 1587 808 1647 verbis
830 1603 1064 1661 commovemur;
1085 1588 1137 1648 sed
1162 1588 1199 1648 de
1224 1588 1286 1646 lrae
1309 1605 1344 1645 re

210 1689 288 1750 infra
311 1692 399 1766 plura
423 1690 527 1749 dicam.
571 1691 677 1765 Itaque
700 1708 823 1767 pueros,
852 1691 965 1750 etiamsi
989 1696 1099 1759 mutos,
1127 1696 1227 1751 tamen
1253 1689 1345 1767 paul·

211 1793 301 1853 lulum
336 1798 459 1870 agentes
493 1793 645 1852 habemus.
697 1793 872 1869 Supremum
905 1810 1034 1869 corpora
1067 1795 1233 1854 occisorum
1270 1811 1345 1869 pro·

210 1898 373 1957 volvuntur
397 1896 491 1964 (1029
505 1893 593 1972 τηρ).

298 2000 411 2058 Mutum
436 2016 562 2075 puerum
586 1997 730 2056 habemus
753 1999 838 2056 etiam
863 1997 892 2057 in
916 1990 1096 2073 TruudlhuS,
1121 1999 1344 2075 Astyanactem

211 2101 278 2161 dico
309 2101 479 2178 parvulum,
509 2100 559 2176 qui
592 2119 617 2157 v.
635 2102 697 2185 ,5⁶⁸
728 2117 794 2158 cum
818 2099 1030 2159 Andromacha
1060 2102 1089 2159 in
1121 2117 1263 2160 scaenam
1300 2101 1345 2158 in·

211 2204 344 2278 vehitur,
374 2210 407 2263 nt
436 2203 523 2262 simul
554 2221 617 2261 cum
649 2202 739 2261 armis
771 2202 910 2262 Hectoris
940 2202 1113 2279 praedaque
1138 2203 1347 2262 Arelrivorum

210 2305 248 2365 ad
282 2305 512 2384 Neoptolemum
551 2304 725 2364 abducatur.
783 2305 912 2364 Puerum
947 2323 1052 2365 revera
1086 2312 1201 2383 gestum
1239 2307 1348 2381 egisse

211 2409 417 2469 concludimus
441 2428 477 2468 ex
500 2409 547 2466 his
571 2408 669 2467 verbis
692 2404 878 2483 (750-51):

364 2540 396 2603 nl
417 2561 483 2623 μου
506 2538 658 2620 δέδραξαι
679 2537 771 2623 χερσὶ
793 2528 944 2620 κᾶντέχει
966 2537 1118 2617 πέπλων,

364 2637 501 2718 νεοσσὸς
524 2629 603 2705 ὡσεὶ
625 2641 793 2725 πτέρυγας
816 2640 999 2705 εἰσπὶτνονν
1022 2634 1117 2724 ἐμάς

213 2788 246 2847 V.
265 2791 324 2849 757
338 2805 403 2863 sqq.
425 2784 636 2845 Andromacha
663 2803 727 2844 eum
751 2783 789 2843 ad
813 2803 845 2843 se
869 2784 977 2844 attollit
998 2785 1172 2861 pectorique
1195 2785 1354 2863 apprimit

212 2891 422 2966 complectitur
452 2888 611 2947 osculatur.
656 2887 864 2964 Apertissime,
895 2905 957 2945 eam
989 2887 1144 2963 puerulum
1169 2889 1354 2960 sustulisse,

213 3011 272 3053 non
296 3008 329 3051 sc
352 2991 389 3050 ad
413 3010 477 3049 eum
501 2989 663 3061 demisisse,
686 2991 822 3066 seqnitur
845 3008 882 3049 er
903 2989 949 3047 his
965 2991 1100 3048 versibus
1116 2987 1353 3063 (762—63):¹)

364 3114 552 3203 πρόσπιτνε
574 3115 636 3206 τὴν
659 3121 835 3199 τεκοῦσαν,
859 3111 941 3203 ἀμφὶ
964 3110 1123 3196 δὀἰλένοις

364 3212 465 3288 δλισσ
488 3219 578 3306 ἐμοῖς
601 3216 739 3286 νώτοισι
763 3222 819 3285 καὶ
843 3213 936 3304 στόμ’
960 3213 1117 3304 ἅρμοσον.

211 3367 249 3427 Se
283 3366 436 3443 applicare
467 3365 543 3424 euim
576 3365 677 3440 matri,
709 3363 831 3423 brachia
860 3369 945 3439 tergo
977 3363 1174 3436 circumdare,
1207 3368 1243 3423 nt
1278 3383 1352 3424 carn

211 3469 377 3538 osculetur,
407 3486 467 3526 non
499 3472 599 3543 potest
626 3467 784 3543 paruulus,
814 3467 863 3541 qui
895 3466 982 3525 modo
1006 3467 1081 3525 vesti
1105 3484 1136 3524 se
1159 3466 1353 3542 implicabat,

211 3572 268 3631 nisi
295 3569 440 3630 sublatus.
483 3569 620 3630 Ceterum
644 3586 717 3629 sane
741 3574 863 3628 tenerae
886 3570 993 3628 aetatis
1015 3569 1232 3645 Astyanactem
1261 3571 1353 3645 cogi·

298 3768 318 3834 ¹)
338 3767 392 3821 Via
410 3780 482 3833 opus
500 3770 544 3820 est
561 3781 673 3820 monere
685 3764 906 3819 Andromacham
925 3765 1041 3832 primum
1060 3764 1087 3817 in
1100 3780 1178 3819 curru
1191 3765 1352 3821 sedentem

211 3855 240 3907 in
265 3852 433 3908 orchestram
457 3853 593 3905 invectam
617 3867 693 3918 osse,
717 3850 817 3905 deinde
836 3865 902 3904 vero
921 3851 955 3903 ad
974 3851 1124 3905 orationem
1143 3850 1351 3919 proferendam

211 3938 285 4008 (636)
310 3937 476 4004 surrexisse,
499 3936 537 3989 ita
560 3941 590 3988 ut
612 3935 683 3990 bene
706 3935 881 4003 intellegatur
898 3935 1077 4002 Astyanactis
1101 3935 1207 4002 parvuli
1232 3942 1352 4005 gestus,

211 4022 268 4078 scil.
293 4039 348 4092 quo
375 4027 500 4087 matrem,
526 4026 557 4075 ut
580 4036 611 4075 se
633 4020 752 4082 attollat,
777 4037 889 4077 monere
907 4029 1029 4076 conetur.
1064 4020 1195 4075 Fortasse
1214 4022 1352 4089 Euripidi

211 4108 289 4162 locus
314 4107 359 4162 ille
384 4107 548 4161 Homericus
572 4106 662 4159 animo
687 4106 850 4160 obversatus
877 4114 934 4174 cst,
958 4106 1033 4175 quod
1057 4105 1216 4160 altoberto
1242 4107 1351 4161 dldlcl:

212 4194 247 4260 11,
261 4200 358 4247 'l—ltl:
376 4189 464 4263 κούρη
478 4190 570 4261 νηπίη,
583 4183 600 4261 ἥ
615 4186 644 4245 δ’
658 4182 717 4259 δμα
728 4191 814 4262 μητρὶ
828 4186 926 4245 lle'oco’
939 4185 1095 4244 ἀνελέσθαι
1109 4183 1225 4259 οἷνώγει,
1240 4186 1351 4247 εέοινοῦ

212 4271 359 4347 ἁπτομένη
384 4277 435 4332 καί
457 4271 482 4332 τ’
507 4273 666 4346 ἐσσυμένην
690 4279 857 4349 κατερύκει,
883 4271 1067 4346 δακρυόεσσα
1090 4270 1120 4330 δέ
1144 4294 1193 4342 μιν
1210 4274 1352 4351 ποτιδέρ-

211 4380 304 4432 κεται,
323 4357 392 4434 ὄφρ’
410 4357 551 4434 ἀνέληται.
