3104 5198
308 396 371 453 280

308 561 346 621 de
361 579 522 639 puerorum
538 563 704 624 actionibus
719 564 885 640 habituque
900 569 1035 641 externo,
1056 566 1274 643 examinemus,
1296 566 1432 626 nascitur

308 666 385 724 euim
409 666 539 742 suspicio
563 684 622 724 non
645 666 750 726 eodem
772 667 858 727 modo
879 675 984 744 poetas
1003 687 1105 728 omncs
1120 688 1232 746 pueros
1246 669 1431 746 depinxisse,

307 766 360 825 sed
395 769 474 827 inter
507 772 579 828 natu
615 769 742 828 maiores
772 775 802 828 et
830 769 960 831 minores
992 769 1235 847 distinguendum
1266 789 1331 832 esse
1355 770 1430 843 (non

307 870 413 945 loquor
442 870 480 928 de
511 869 686 946 infantibus,
716 872 766 948 qui
797 876 830 931 nt
852 891 870 931 a
892 874 994 948 pueris
1016 874 1093 932 veris
1125 893 1185 934 non
1213 874 1430 951 repraesentati

306 973 344 1031 ab
374 973 429 1031 liae
459 972 635 1049 quaestione
658 974 818 1033 sevocandi
842 978 933 1042 sunt).
977 976 1053 1034 Nam
1077 977 1204 1052 primum
1226 983 1354 1054 apparet
1377 992 1431 1035 eos

290 1092 426 1151 pueros,
449 1076 499 1151 qui
524 1075 553 1132 in
577 1093 687 1134 scaena
710 1078 894 1147 cecinerunt,
917 1095 977 1136 non
999 1079 1141 1153 pusiones
1161 1079 1279 1137 circiter
1294 1080 1429 1154 quinque

307 1196 455 1236 annornm
480 1176 658 1254 cogitandos
680 1197 754 1249 esse,
777 1179 916 1254 qnoniam
939 1197 989 1238 ars
1012 1180 1157 1256 quaedam
1181 1199 1241 1240 uon
1265 1182 1377 1257 exigna
1393 1181 1430 1238 iis

306 1278 489 1356 praestanda
512 1286 585 1338 erat
618 1281 678 1338 Eos
699 1280 774 1338 talea
791 1279 855 1339 lere
870 1279 963 1340 inisse
978 1282 1122 1358 suspicor,
1145 1283 1249 1358 quales
1264 1282 1431 1359 discipulos
1454 1270 1459 1283 ’

306 1382 506 1441 Athenienses
529 1383 619 1441 Duris
641 1383 671 1440 in
696 1382 787 1441 nobili
811 1401 866 1441 suo
889 1401 982 1458 opere
1005 1380 1134 1461 pinxit,¹)
1168 1385 1248 1443 eirca
1270 1384 1429 1444 duodecim

305 1502 400 1544 annos
424 1489 523 1543 natos:
554 1480 629 1542 tales
660 1502 719 1544 non
751 1485 855 1544 mirum
879 1485 1027 1545 videbitur
1053 1485 1145 1546 fuisse
1168 1487 1295 1546 Athenis
1318 1504 1430 1563 pueros

305 1587 378 1646 satis
394 1585 528 1646 eruditos
543 1587 661 1645 alacres
677 1586 821 1660 sollertes,
845 1595 879 1646 ut
895 1588 1019 1665 Eumeli,
1036 1589 1166 1664 Molossi,
1184 1589 1308 1648 aliorum
1325 1596 1430 1666 partes

305 1690 508 1765 susciperent,
539 1690 715 1765 praesertim
745 1707 811 1748 cnm
843 1694 936 1748 artem
968 1690 1110 1750 musicam
1141 1709 1256 1751 summo
1286 1690 1388 1751 studio
1412 1709 1430 1749 a

305 1793 407 1870 pueris
429 1797 585 1852 tractatam
608 1809 674 1850 esso
698 1796 823 1852 constet
867 1793 921 1854 (lui
945 1794 1135 1854 coniecturae
1158 1796 1245 1854 etiarn
1269 1813 1319 1869 ea,
1349 1812 1429 1869 quae

304 1894 341 1953 de
364 1913 524 1971 puerorum
548 1894 714 1954 actionibus
735 1896 765 1953 in
789 1895 952 1972 tragoediis
967 1895 1101 1972 legimus,
1123 1897 1314 1956 conveniunt
1349 1897 1427 1955 Nam

305 1998 448 2058 Eumelus
471 2017 499 2073 q.
515 2018 541 2056 v.
564 2018 622 2058 non
647 1997 767 2057 videtur
791 2000 828 2057 ab
851 1998 951 2074 aliquo
974 2017 1062 2058 servo
1086 1998 1163 2074 duci,
1185 1999 1239 2058 sed
1261 2019 1317 2058 sna
1338 2017 1429 2057 maun

304 2119 370 2159 cum
401 2118 504 2159 sorore
534 2100 678 2176 procedit
722 2101 792 2160 Non
817 2118 888 2159 vero
912 2102 941 2160 in
964 2120 1000 2160 eo
1024 2100 1234 2160 offendendum
1257 2108 1314 2175 est,
1345 2099 1428 2177 quod

304 2220 341 2261 ex
363 2202 489 2260 ancillae
513 2205 685 2263 narratione
708 2200 781 2274 (151
795 2201 873 2279 sqq.)
896 2220 1005 2278 pueros
1029 2203 1193 2262 minimos
1224 2203 1317 2263 luisse
1340 2203 1428 2278 sequi

303 2304 433 2364 videtur.
478 2306 549 2363 llam
574 2306 651 2363 enim
675 2304 840 2364 libertatem
864 2304 952 2364 facile
975 2311 1080 2382 poetae
1104 2304 1316 2377 concedemus,
1340 2304 1428 2364 utin

304 2407 456 2466 narrando
480 2407 582 2483 paullo
605 2425 623 2464 a
644 2424 771 2466 scaenae
795 2407 922 2482 imagine
946 2406 1076 2476 recedat,
1100 2409 1213 2485 quippe
1235 2409 1287 2485 qui
1304 2408 1429 2466 omnino

304 2511 476 2567 nuntiorum
511 2525 665 2567 sermones
698 2527 786 2584 qnam
822 2510 946 2567 maxime
979 2527 1125 2567 exornare
1158 2509 1287 2568 studeat
1309 2541 1352 2549 —
1380 2509 1429 2567 Ne

304 2611 452 2671 Molossus
475 2630 502 2685 q.
520 2629 547 2669 v.
570 2610 690 2686 quidem
714 2612 800 2670 aliter
822 2610 1015 2675 describitur:
1040 2629 1105 2669 nam
1122 2618 1187 2670 arte
1203 2611 1332 2687 quadum
1349 2628 1430 2688 opus

303 2723 349 2773 est
382 2713 418 2770 ad
454 2714 555 2771 matris
588 2713 708 2772 viucnla
737 2714 897 2789 solvenda,
929 2732 1035 2789 neque,
1069 2719 1101 2772 ut
1126 2733 1219 2790 supra
1242 2713 1430 2774 ostendimus

303 2815 345 2891 (p.
359 2813 444 2891 226),
464 2833 483 2872 a
506 2815 595 2874 Peleo
619 2816 765 2875 attollitur
788 2835 815 2874 v.
828 2820 888 2875 722
902 2830 958 2891 sq.:

456 2923 534 3009 ἕρπε
558 2920 649 3011 derip'
666 2916 723 2991 ὑπ’
739 2919 895 3011 ἀγκάλας,
917 2928 1050 3010 βρέφος,

456 3025 575 3109 §tillus
598 3031 700 3113 ὁὲσμα
721 3025 847 3114 μητρός
869 3034 938 3094 κτλ.

303 3155 358 3213 lllo
379 3155 456 3212 enim
479 3139 540 3212 ὑπ’
557 3139 703 3230 ἀγκάλας
727 3155 800 3213 uilril
825 3153 897 3213 dicit
913 3156 1028 3226 Peleus,
1052 3155 1105 3214 uisi
1131 3161 1163 3214 ut
1177 3173 1249 3213 suae
1265 3154 1380 3214 tutelae
1396 3171 1429 3212 se

301 3259 479 3333 committat,
509 3277 576 3316 curn
600 3258 653 3317 sibi
677 3276 709 3317 se
732 3257 876 3335 applicet,
907 3257 986 3334 quod
1010 3256 1087 3317 idern
1118 3258 1229 3317 clarius
1251 3264 1360 3334 postca
1383 3257 1429 3314 sic

301 3358 424 3418 dicitur:
449 3378 474 3417 v.
490 3362 565 3419 747:

454 3455 539 3542 ἡγοῦ
561 3455 684 3519 τέκνον
704 3477 761 3537 μοι
786 3447 874 3537 δεῦρ’
891 3446 946 3518 iur'
961 3446 1108 3539 ἀγκάλας
1131 3456 1276 3531 σταθείς.

389 3585 484 3642 lltiam
501 3582 713 3658 Supplicem
736 3583 832 3657 pueri,
855 3581 905 3656 qui
922 3581 1042 3657 quidem
1058 3583 1183 3640 actionis
1199 3581 1278 3640 lraud
1296 3583 1428 3655 exiguae

301 3687 361 3744 siut
384 3686 556 3762 participes,
578 3685 653 3743 tales
676 3683 738 3742 fero
761 3689 1035 3759 repraesentantur.

388 3790 447 3844 lam
463 3787 501 3844 ad
518 3794 615 3844 mutos
631 3804 742 3862 pueros
757 3792 952 3844 transcamus.
991 3787 1075 3858 Quae
1092 3786 1238 3845 Medeae
1262 3804 1428 3861 puerorum

299 3895 383 3948 aetas
414 3889 574 3965 cogitanda
596 3890 646 3959 sit,
678 3906 737 3947 non
760 3887 802 3947 ita
825 3887 912 3946 facile
935 3889 1122 3964 perspicitur.
1166 3889 1271 3962 ltaque
1294 3888 1427 3963 primum

300 4009 367 4051 eum
391 3992 499 4064 locum,
530 4011 591 4066 quo
614 3992 698 4067 pueri
722 3990 916 4063 inducuntur,
946 3990 1089 4049 intentius
1112 3991 1325 4065 examinemus,
1357 3988 1429 4047 dico

300 4096 392 4154 verba
416 4095 541 4153 nutricis
565 4093 651 4151 baec:
674 4091 735 4164 (vv.
747 4095 787 4151 4ss
800 4090 890 4168 sqq.):

387 4278 408 4341 ¹)
427 4275 483 4329 vid.
495 4275 568 4328 Mon.
581 4273 646 4327 dell’
656 4273 723 4326 lust.
737 4272 785 4338 IX,
804 4272 859 4326 tab.
869 4278 915 4339 ⁵⁴3
933 4272 1013 4325 Arclu
1029 4273 1088 4341 Ztg.
1105 4278 1176 4338 rsus,
1194 4272 1271 4326 tab.t
1289 4297 1321 4317 =
1333 4272 1428 4326 Wien.

300 4358 427 4415 Voti-Bi
447 4360 562 4427 Senlll,
574 4366 599 4414 6.
