<?xml version="1.0" encoding="UTF-8"?>
<!DOCTYPE html PUBLIC "-//W3C//DTD XHTML 1.0 Transitional//EN"
    "http://www.w3.org/TR/xhtml1/DTD/xhtml1-transitional.dtd">
<html xmlns="http://www.w3.org/1999/xhtml" xml:lang="en" lang="en">
 <head>
  <title>
</title>
<meta http-equiv="Content-Type" content="text/html;charset=utf-8" />
  <meta name='ocr-system' content='tesseract 3.04.00' />
  <meta name='ocr-capabilities' content='ocr_page ocr_carea ocr_par ocr_line ocrx_word'/>
</head>
<body>
  <div class='ocr_page' id='page_1' title='image "./depueroruminres00haymgoog_0043.png"; bbox 0 0 3104 5198; ppageno 0'>
   <div class='ocr_carea' id='block_1_1' title="bbox 362 641 1213 804">
    <p class='ocr_par' dir='ltr' id='par_1_1' title="bbox 362 641 1213 804">
     <span class='ocr_line' id='line_1_1' title="bbox 363 641 1213 719; baseline 0 -18"><span class='ocrx_word' id='word_1_1' title='bbox 363 642 496 718; x_wconf 85' lang='lat' dir='ltr'>Tempus</span> <span class='ocrx_word' id='word_1_2' title='bbox 518 645 592 718; x_wconf 90' lang='lat' dir='ltr'>erat,</span> <span class='ocrx_word' id='word_1_3' title='bbox 614 660 674 719; x_wconf 92' lang='lat' dir='ltr'>quo</span> <span class='ocrx_word' id='word_1_4' title='bbox 697 659 785 702; x_wconf 74' lang='lat' dir='ltr'>sacre</span> <span class='ocrx_word' id='word_1_5' title='bbox 805 642 905 702; x_wconf 90' lang='lat' dir='ltr'>solent</span> <span class='ocrx_word' id='word_1_6' title='bbox 926 641 1076 703; x_wconf 77' lang='lat' dir='ltr'><strong>trieterica</strong></span> <span class='ocrx_word' id='word_1_7' title='bbox 1098 641 1213 701; x_wconf 74' lang='lat' dir='ltr'>Bacchi</span> 
     </span>
     <span class='ocr_line' id='line_1_2' title="bbox 362 743 883 804; baseline -0.004 0"><span class='ocrx_word' id='word_1_8' title='bbox 362 743 513 804; x_wconf 78' lang='lat' dir='ltr'>Sithoniae</span> <span class='ocrx_word' id='word_1_9' title='bbox 537 743 689 804; x_wconf 89' lang='lat' dir='ltr'>celebrare</span> <span class='ocrx_word' id='word_1_10' title='bbox 712 761 804 804; x_wconf 90' lang='lat' dir='ltr'>nurus</span> <span class='ocrx_word' id='word_1_11' title='bbox 827 749 883 804; x_wconf 86' lang='lat' dir='ltr'>etc.</span> 
     </span>
    </p>
   </div>
   <div class='ocr_carea' id='block_1_2' title="bbox 209 859 1338 2785">
    <p class='ocr_par' dir='ltr' id='par_1_2' title="bbox 209 859 1338 2273">
     <span class='ocr_line' id='line_1_3' title="bbox 210 859 1338 940; baseline 0 -18"><span class='ocrx_word' id='word_1_12' title='bbox 210 864 247 923; x_wconf 84' lang='lat' dir='ltr'>ad</span> <span class='ocrx_word' id='word_1_13' title='bbox 277 862 453 940; x_wconf 78' lang='lat' dir='ltr'>Sophoclem</span> <span class='ocrx_word' id='word_1_14' title='bbox 482 882 546 923; x_wconf 89' lang='lat' dir='ltr'>esse</span> <span class='ocrx_word' id='word_1_15' title='bbox 577 862 767 923; x_wconf 84' lang='lat' dir='ltr'>referendum</span> <span class='ocrx_word' id='word_1_16' title='bbox 795 861 975 924; x_wconf 86' lang='lat' dir='ltr'>Weloherns</span> <span class='ocrx_word' id='word_1_17' title='bbox 1004 864 1158 940; x_wconf 75' lang='lat' dir='ltr'>perspexit</span> <span class='ocrx_word' id='word_1_18' title='bbox 1188 859 1241 936; x_wconf 84' lang='lat' dir='ltr'>(cl.</span> <span class='ocrx_word' id='word_1_19' title='bbox 1264 860 1338 922; x_wconf 74' lang='lat' dir='ltr'>Aee</span> 
     </span>
     <span class='ocr_line' id='line_1_4' title="bbox 209 963 1338 1043; baseline -0.001 -19"><span class='ocrx_word' id='word_1_20' title='bbox 209 965 279 1026; x_wconf 84' lang='lat' dir='ltr'>Ter.</span> <span class='ocrx_word' id='word_1_21' title='bbox 294 965 351 1043; x_wconf 84' lang='lat' dir='ltr'>lrg.</span> <span class='ocrx_word' id='word_1_22' title='bbox 367 963 429 1037; x_wconf 89' lang='lat' dir='ltr'><strong>IV).</strong></span> <span class='ocrx_word' id='word_1_23' title='bbox 450 996 493 1007; x_wconf 97' lang='lat'>—</span> <span class='ocrx_word' id='word_1_24' title='bbox 516 966 576 1025; x_wconf 94' lang='lat' dir='ltr'>lam</span> <span class='ocrx_word' id='word_1_25' title='bbox 609 966 681 1042; x_wconf 91' lang='lat' dir='ltr'>qnid</span> <span class='ocrx_word' id='word_1_26' title='bbox 710 983 763 1026; x_wconf 90' lang='lat' dir='ltr'>nos</span> <span class='ocrx_word' id='word_1_27' title='bbox 793 965 831 1025; x_wconf 91' lang='lat' dir='ltr'>de</span> <span class='ocrx_word' id='word_1_28' title='bbox 861 967 926 1043; x_wconf 90' lang='lat' dir='ltr'>ipsa</span> <span class='ocrx_word' id='word_1_29' title='bbox 951 965 1124 1043; x_wconf 72' lang='lat' dir='ltr'>tragoediae</span> <span class='ocrx_word' id='word_1_30' title='bbox 1150 965 1273 1026; x_wconf 88' lang='lat' dir='ltr'>actione</span> <span class='ocrx_word' id='word_1_31' title='bbox 1301 981 1338 1023; x_wconf 85' lang='lat' dir='ltr'>ex</span> 
     </span>
     <span class='ocr_line' id='line_1_5' title="bbox 209 1067 1337 1146; baseline -0.004 -18"><span class='ocrx_word' id='word_1_32' title='bbox 209 1067 318 1128; x_wconf 76' lang='lat' dir='ltr'>Ouidio</span> <span class='ocrx_word' id='word_1_33' title='bbox 348 1068 518 1128; x_wconf 77' lang='lat' dir='ltr'>etiamnunc</span> <span class='ocrx_word' id='word_1_34' title='bbox 549 1086 734 1144; x_wconf 87' lang='lat' dir='ltr'>cognoscere</span> <span class='ocrx_word' id='word_1_35' title='bbox 764 1069 929 1146; x_wconf 90' lang='lat' dir='ltr'>possimus,</span> <span class='ocrx_word' id='word_1_36' title='bbox 966 1067 1131 1128; x_wconf 87' lang='lat' dir='ltr'>videamus.</span> <span class='ocrx_word' id='word_1_37' title='bbox 1184 1067 1337 1142; x_wconf 84' lang='lat' dir='ltr'>Quoniam</span> 
     </span>
     <span class='ocr_line' id='line_1_6' title="bbox 210 1169 1336 1248; baseline -0.002 -18"><span class='ocrx_word' id='word_1_38' title='bbox 210 1174 330 1230; x_wconf 89' lang='lat' dir='ltr'>constat</span> <span class='ocrx_word' id='word_1_39' title='bbox 352 1169 493 1230; x_wconf 88' lang='lat' dir='ltr'>Ovidium</span> <span class='ocrx_word' id='word_1_40' title='bbox 522 1171 617 1248; x_wconf 91' lang='lat' dir='ltr'>ipsum</span> <span class='ocrx_word' id='word_1_41' title='bbox 649 1169 776 1230; x_wconf 83' lang='lat' dir='ltr'>actionis</span> <span class='ocrx_word' id='word_1_42' title='bbox 807 1176 924 1247; x_wconf 89' lang='lat' dir='ltr'>tempus</span> <span class='ocrx_word' id='word_1_43' title='bbox 952 1170 1140 1248; x_wconf 88' lang='lat' dir='ltr'>aSophocle</span> <span class='ocrx_word' id='word_1_44' title='bbox 1170 1169 1336 1247; x_wconf 71' lang='lat' dir='ltr'>accepisse,</span> 
     </span>
     <span class='ocr_line' id='line_1_7' title="bbox 210 1271 1336 1351; baseline -0.001 -18"><span class='ocrx_word' id='word_1_45' title='bbox 210 1274 298 1333; x_wconf 88' lang='lat' dir='ltr'>etiam</span> <span class='ocrx_word' id='word_1_46' title='bbox 331 1292 383 1350; x_wconf 85' lang='lat' dir='ltr'>ee,</span> <span class='ocrx_word' id='word_1_47' title='bbox 410 1291 488 1351; x_wconf 92' lang='lat' dir='ltr'>qnae</span> <span class='ocrx_word' id='word_1_48' title='bbox 519 1272 627 1332; x_wconf 91' lang='lat' dir='ltr'>deinde</span> <span class='ocrx_word' id='word_1_49' title='bbox 658 1277 760 1332; x_wconf 79' lang='lat' dir='ltr'>narrat</span> <span class='ocrx_word' id='word_1_50' title='bbox 791 1272 829 1332; x_wconf 90' lang='lat' dir='ltr'>de</span> <span class='ocrx_word' id='word_1_51' title='bbox 852 1291 954 1333; x_wconf 90' lang='lat' dir='ltr'>sorore</span> <span class='ocrx_word' id='word_1_52' title='bbox 983 1272 1147 1350; x_wconf 79' lang='lat' dir='ltr'>liberanda,</span> <span class='ocrx_word' id='word_1_53' title='bbox 1174 1271 1212 1333; x_wconf 86' lang='lat' dir='ltr'>de</span> <span class='ocrx_word' id='word_1_54' title='bbox 1237 1276 1336 1332; x_wconf 88' lang='lat' dir='ltr'>taetro</span> 
     </span>
     <span class='ocr_line' id='line_1_8' title="bbox 211 1373 1336 1453; baseline -0.002 -18"><span class='ocrx_word' id='word_1_55' title='bbox 211 1377 335 1437; x_wconf 92' lang='lat' dir='ltr'>consilio</span> <span class='ocrx_word' id='word_1_56' title='bbox 358 1375 513 1452; x_wconf 85' lang='lat' dir='ltr'>capiendo,</span> <span class='ocrx_word' id='word_1_57' title='bbox 544 1376 704 1436; x_wconf 85' lang='lat' dir='ltr'>convenire</span> <span class='ocrx_word' id='word_1_58' title='bbox 735 1375 797 1436; x_wconf 87' lang='lat' dir='ltr'>fere</span> <span class='ocrx_word' id='word_1_59' title='bbox 826 1394 892 1435; x_wconf 91' lang='lat' dir='ltr'>cum</span> <span class='ocrx_word' id='word_1_60' title='bbox 916 1373 1074 1453; x_wconf 81' lang='lat' dir='ltr'>Sophoclis</span> <span class='ocrx_word' id='word_1_61' title='bbox 1101 1374 1206 1435; x_wconf 78' lang='lat' dir='ltr'>fabulo</span> <span class='ocrx_word' id='word_1_62' title='bbox 1228 1378 1336 1451; x_wconf 79' lang='lat' dir='ltr'>putan-</span> 
     </span>
     <span class='ocr_line' id='line_1_9' title="bbox 210 1476 1335 1556; baseline 0 -18"><span class='ocrx_word' id='word_1_63' title='bbox 210 1479 280 1539; x_wconf 92' lang='lat' dir='ltr'>dum</span> <span class='ocrx_word' id='word_1_64' title='bbox 309 1482 362 1539; x_wconf 89' lang='lat' dir='ltr'>est.</span> <span class='ocrx_word' id='word_1_65' title='bbox 405 1477 495 1538; x_wconf 83' lang='lat' dir='ltr'>Addo</span> <span class='ocrx_word' id='word_1_66' title='bbox 527 1478 608 1555; x_wconf 91' lang='lat' dir='ltr'>quod</span> <span class='ocrx_word' id='word_1_67' title='bbox 637 1497 688 1538; x_wconf 89' lang='lat' dir='ltr'>eas</span> <span class='ocrx_word' id='word_1_68' title='bbox 718 1495 765 1538; x_wconf 90' lang='lat' dir='ltr'>res</span> <span class='ocrx_word' id='word_1_69' title='bbox 793 1476 919 1539; x_wconf 88' lang='lat' dir='ltr'>Ovidius</span> <span class='ocrx_word' id='word_1_70' title='bbox 948 1479 990 1537; x_wconf 82' lang='lat' dir='ltr'>its</span> <span class='ocrx_word' id='word_1_71' title='bbox 1019 1477 1165 1556; x_wconf 76' lang='lat' dir='ltr'>depingit,</span> <span class='ocrx_word' id='word_1_72' title='bbox 1198 1482 1233 1537; x_wconf 91' lang='lat' dir='ltr'>ut</span> <span class='ocrx_word' id='word_1_73' title='bbox 1263 1494 1335 1538; x_wconf 89' lang='lat' dir='ltr'>sane</span> 
     </span>
     <span class='ocr_line' id='line_1_10' title="bbox 210 1581 1334 1659; baseline -0.004 -15"><span class='ocrx_word' id='word_1_74' title='bbox 210 1600 337 1644; x_wconf 89' lang='lat' dir='ltr'>scaenae</span> <span class='ocrx_word' id='word_1_75' title='bbox 362 1583 491 1659; x_wconf 89' lang='lat' dir='ltr'>speciem</span> <span class='ocrx_word' id='word_1_76' title='bbox 515 1583 685 1658; x_wconf 87' lang='lat' dir='ltr'>legentibus</span> <span class='ocrx_word' id='word_1_77' title='bbox 708 1583 823 1642; x_wconf 84' lang='lat' dir='ltr'>excitet.</span> <span class='ocrx_word' id='word_1_78' title='bbox 856 1581 904 1641; x_wconf 83' lang='lat' dir='ltr'>Ad</span> <span class='ocrx_word' id='word_1_79' title='bbox 928 1600 1018 1642; x_wconf 91' lang='lat' dir='ltr'>unum</span> <span class='ocrx_word' id='word_1_80' title='bbox 1035 1581 1211 1659; x_wconf 82' lang='lat' dir='ltr'>Sophoclem</span> <span class='ocrx_word' id='word_1_81' title='bbox 1234 1584 1334 1641; x_wconf 75' lang='lat' dir='ltr'>antem</span> 
     </span>
     <span class='ocr_line' id='line_1_11' title="bbox 211 1682 1335 1762; baseline -0.003 -16"><span class='ocrx_word' id='word_1_82' title='bbox 211 1704 314 1746; x_wconf 88' lang='lat' dir='ltr'>omnes</span> <span class='ocrx_word' id='word_1_83' title='bbox 345 1687 526 1762; x_wconf 75' lang='lat' dir='ltr'>posteriores</span> <span class='ocrx_word' id='word_1_84' title='bbox 558 1684 595 1744; x_wconf 91' lang='lat' dir='ltr'>de</span> <span class='ocrx_word' id='word_1_85' title='bbox 625 1685 680 1743; x_wconf 91' lang='lat' dir='ltr'>hac</span> <span class='ocrx_word' id='word_1_86' title='bbox 710 1703 743 1744; x_wconf 88' lang='lat' dir='ltr'>re</span> <span class='ocrx_word' id='word_1_87' title='bbox 774 1685 962 1745; x_wconf 78' lang='lat' dir='ltr'>narrstioncs</span> <span class='ocrx_word' id='word_1_88' title='bbox 987 1682 1148 1762; x_wconf 84' lang='lat' dir='ltr'>redeunt,¹)</span> <span class='ocrx_word' id='word_1_89' title='bbox 1181 1702 1284 1762; x_wconf 92' lang='lat' dir='ltr'>neque</span> <span class='ocrx_word' id='word_1_90' title='bbox 1305 1682 1335 1743; x_wconf 88' lang='lat' dir='ltr'>id</span> 
     </span>
     <span class='ocr_line' id='line_1_12' title="bbox 211 1783 1337 1865; baseline -0.001 -19"><span class='ocrx_word' id='word_1_91' title='bbox 211 1788 359 1864; x_wconf 79' lang='lat' dir='ltr'>spectavit</span> <span class='ocrx_word' id='word_1_92' title='bbox 381 1783 518 1863; x_wconf 87' lang='lat' dir='ltr'>Ovidius,</span> <span class='ocrx_word' id='word_1_93' title='bbox 546 1792 580 1846; x_wconf 92' lang='lat' dir='ltr'>ut</span> <span class='ocrx_word' id='word_1_94' title='bbox 602 1806 681 1847; x_wconf 84' lang='lat' dir='ltr'>nova</span> <span class='ocrx_word' id='word_1_95' title='bbox 703 1785 837 1863; x_wconf 84' lang='lat' dir='ltr'>lingeret,</span> <span class='ocrx_word' id='word_1_96' title='bbox 869 1786 921 1846; x_wconf 90' lang='lat' dir='ltr'>scd</span> <span class='ocrx_word' id='word_1_97' title='bbox 950 1791 983 1846; x_wconf 91' lang='lat' dir='ltr'>ut</span> <span class='ocrx_word' id='word_1_98' title='bbox 1014 1791 1190 1863; x_wconf 88' lang='lat' dir='ltr'>argumenta</span> <span class='ocrx_word' id='word_1_99' title='bbox 1212 1790 1337 1865; x_wconf 80' lang='lat' dir='ltr'>accepta</span> 
     </span>
     <span class='ocr_line' id='line_1_13' title="bbox 211 1889 1335 1967; baseline -0.001 -18"><span class='ocrx_word' id='word_1_100' title='bbox 211 1908 301 1967; x_wconf 91' lang='lat' dir='ltr'>quam</span> <span class='ocrx_word' id='word_1_101' title='bbox 325 1889 549 1967; x_wconf 78' lang='lat' dir='ltr'>elegantissime</span> <span class='ocrx_word' id='word_1_102' title='bbox 571 1893 718 1951; x_wconf 78' lang='lat' dir='ltr'>narraret.</span> <span class='ocrx_word' id='word_1_103' title='bbox 754 1890 815 1948; x_wconf 78' lang='lat' dir='ltr'>lom</span> <span class='ocrx_word' id='word_1_104' title='bbox 832 1889 889 1949; x_wconf 89' lang='lat' dir='ltr'>hoo</span> <span class='ocrx_word' id='word_1_105' title='bbox 905 1893 996 1967; x_wconf 78' lang='lat' dir='ltr'>patet,</span> <span class='ocrx_word' id='word_1_106' title='bbox 1017 1889 1194 1966; x_wconf 83' lang='lat' dir='ltr'>Sophoclem</span> <span class='ocrx_word' id='word_1_107' title='bbox 1212 1895 1335 1949; x_wconf 71' lang='lat' dir='ltr'>matrem</span> 
     </span>
     <span class='ocr_line' id='line_1_14' title="bbox 211 1990 1337 2070; baseline 0 -20"><span class='ocrx_word' id='word_1_108' title='bbox 211 1993 241 2051; x_wconf 95' lang='lat' dir='ltr'>in</span> <span class='ocrx_word' id='word_1_109' title='bbox 266 1992 461 2070; x_wconf 92' lang='lat' dir='ltr'>concipiendo</span> <span class='ocrx_word' id='word_1_110' title='bbox 477 1993 602 2052; x_wconf 88' lang='lat' dir='ltr'>consilio</span> <span class='ocrx_word' id='word_1_111' title='bbox 619 1991 781 2064; x_wconf 79' lang='lat' dir='ltr'>(mactandi</span> <span class='ocrx_word' id='word_1_112' title='bbox 802 1993 895 2067; x_wconf 91' lang='lat' dir='ltr'>ipsius</span> <span class='ocrx_word' id='word_1_113' title='bbox 910 1992 1032 2052; x_wconf 87' lang='lat' dir='ltr'>filiolum</span> <span class='ocrx_word' id='word_1_114' title='bbox 1049 1990 1132 2068; x_wconf 85' lang='lat' dir='ltr'>Ityn)</span> <span class='ocrx_word' id='word_1_115' title='bbox 1149 1993 1337 2070; x_wconf 77' lang='lat' dir='ltr'>titubantem,</span> 
     </span>
     <span class='ocr_line' id='line_1_15' title="bbox 213 2093 1338 2171; baseline 0 -18"><span class='ocrx_word' id='word_1_116' title='bbox 213 2094 304 2155; x_wconf 92' lang='lat' dir='ltr'>dubie</span> <span class='ocrx_word' id='word_1_117' title='bbox 327 2095 498 2154; x_wconf 87' lang='lat' dir='ltr'>haerentem</span> <span class='ocrx_word' id='word_1_118' title='bbox 527 2093 661 2171; x_wconf 80' lang='lat' dir='ltr'>finxisse3</span> <span class='ocrx_word' id='word_1_119' title='bbox 696 2113 824 2171; x_wconf 71' lang='lat' dir='ltr'>nomque</span> <span class='ocrx_word' id='word_1_120' title='bbox 856 2095 1031 2154; x_wconf 88' lang='lat' dir='ltr'>hominem</span> <span class='ocrx_word' id='word_1_121' title='bbox 1062 2093 1205 2155; x_wconf 90' lang='lat' dir='ltr'>inducere</span> <span class='ocrx_word' id='word_1_122' title='bbox 1232 2093 1338 2171; x_wconf 87' lang='lat' dir='ltr'>voluit,</span> 
     </span>
     <span class='ocr_line' id='line_1_16' title="bbox 214 2195 918 2273; baseline -0.004 -17"><span class='ocrx_word' id='word_1_123' title='bbox 214 2215 273 2256; x_wconf 89' lang='lat' dir='ltr'>non</span> <span class='ocrx_word' id='word_1_124' title='bbox 296 2196 465 2273; x_wconf 83' lang='lat' dir='ltr'>bestism;</span> <span class='ocrx_word' id='word_1_125' title='bbox 488 2195 525 2257; x_wconf 88' lang='lat' dir='ltr'>cf.</span> <span class='ocrx_word' id='word_1_126' title='bbox 548 2196 601 2257; x_wconf 81' lang='lat' dir='ltr'>Or.</span> <span class='ocrx_word' id='word_1_127' title='bbox 618 2198 687 2256; x_wconf 84' lang='lat' dir='ltr'>hiet.</span> <span class='ocrx_word' id='word_1_128' title='bbox 700 2197 750 2268; x_wconf 88' lang='lat' dir='ltr'>Vl,</span> <span class='ocrx_word' id='word_1_129' title='bbox 766 2200 828 2257; x_wconf 78' lang='lat'>624</span> <span class='ocrx_word' id='word_1_130' title='bbox 841 2212 918 2273; x_wconf 85' lang='lat' dir='ltr'>sqq:</span> 
     </span>
    </p>

    <p class='ocr_par' dir='ltr' id='par_1_3' title="bbox 366 2298 1108 2374">
     <span class='ocr_line' id='line_1_17' title="bbox 366 2298 1108 2374; baseline -0.001 -15"><span class='ocrx_word' id='word_1_131' title='bbox 366 2300 407 2359; x_wconf 93' lang='lat' dir='ltr'>Ut</span> <span class='ocrx_word' id='word_1_132' title='bbox 429 2305 528 2359; x_wconf 91' lang='lat' dir='ltr'>tamen</span> <span class='ocrx_word' id='word_1_133' title='bbox 551 2300 679 2359; x_wconf 81' lang='lat' dir='ltr'>accessit</span> <span class='ocrx_word' id='word_1_134' title='bbox 701 2303 790 2359; x_wconf 81' lang='lat' dir='ltr'>notus</span> <span class='ocrx_word' id='word_1_135' title='bbox 814 2299 960 2374; x_wconf 89' lang='lat' dir='ltr'>matrique</span> <span class='ocrx_word' id='word_1_136' title='bbox 982 2298 1108 2359; x_wconf 90' lang='lat' dir='ltr'>salutem</span> 
     </span>
    </p>

    <p class='ocr_par' dir='ltr' id='par_1_4' title="bbox 367 2401 1033 2479">
     <span class='ocr_line' id='line_1_18' title="bbox 367 2401 1033 2479; baseline 0.003 -19"><span class='ocrx_word' id='word_1_137' title='bbox 367 2403 467 2461; x_wconf 90' lang='lat' dir='ltr'>attulit</span> <span class='ocrx_word' id='word_1_138' title='bbox 490 2408 520 2461; x_wconf 89' lang='lat' dir='ltr'>et</span> <span class='ocrx_word' id='word_1_139' title='bbox 542 2402 643 2479; x_wconf 78' lang='lat' dir='ltr'>parvis</span> <span class='ocrx_word' id='word_1_140' title='bbox 666 2401 791 2462; x_wconf 84' lang='lat' dir='ltr'>adduxit</span> <span class='ocrx_word' id='word_1_141' title='bbox 813 2401 891 2460; x_wconf 88' lang='lat' dir='ltr'>colla</span> <span class='ocrx_word' id='word_1_142' title='bbox 913 2401 1033 2462; x_wconf 89' lang='lat' dir='ltr'>lacertis</span> 
     </span>
    </p>

    <p class='ocr_par' dir='ltr' id='par_1_5' title="bbox 368 2503 1141 2581">
     <span class='ocr_line' id='line_1_19' title="bbox 368 2503 1141 2581; baseline -0.001 -18"><span class='ocrx_word' id='word_1_143' title='bbox 368 2505 521 2580; x_wconf 84' lang='lat' dir='ltr'>mixtaque</span> <span class='ocrx_word' id='word_1_144' title='bbox 544 2504 698 2564; x_wconf 78' lang='lat' dir='ltr'>blanditiis</span> <span class='ocrx_word' id='word_1_145' title='bbox 721 2503 887 2581; x_wconf 80' lang='lat' dir='ltr'>puerilibus</span> <span class='ocrx_word' id='word_1_146' title='bbox 910 2504 1014 2563; x_wconf 86' lang='lat' dir='ltr'>oscula</span> <span class='ocrx_word' id='word_1_147' title='bbox 1035 2504 1141 2573; x_wconf 75' lang='lat' dir='ltr'>iunxit</span> 
     </span>
    </p>

    <p class='ocr_par' dir='ltr' id='par_1_6' title="bbox 367 2603 1259 2683">
     <span class='ocr_line' id='line_1_20' title="bbox 367 2603 1259 2683; baseline -0.001 -19"><span class='ocrx_word' id='word_1_148' title='bbox 367 2611 446 2666; x_wconf 92' lang='lat' dir='ltr'>mota</span> <span class='ocrx_word' id='word_1_149' title='bbox 468 2604 588 2682; x_wconf 89' lang='lat' dir='ltr'>quidem</span> <span class='ocrx_word' id='word_1_150' title='bbox 610 2611 656 2665; x_wconf 89' lang='lat' dir='ltr'>est</span> <span class='ocrx_word' id='word_1_151' title='bbox 677 2607 814 2680; x_wconf 77' lang='lat' dir='ltr'>genetrix</span> <span class='ocrx_word' id='word_1_152' title='bbox 837 2605 1026 2683; x_wconf 75' lang='lat' dir='ltr'>infractaque</span> <span class='ocrx_word' id='word_1_153' title='bbox 1050 2605 1182 2664; x_wconf 89' lang='lat' dir='ltr'>constitit</span> <span class='ocrx_word' id='word_1_154' title='bbox 1203 2603 1259 2680; x_wconf 86' lang='lat' dir='ltr'>ira,</span> 
     </span>
    </p>

    <p class='ocr_par' dir='ltr' id='par_1_7' title="bbox 368 2708 1077 2785">
     <span class='ocr_line' id='line_1_21' title="bbox 368 2708 1077 2785; baseline 0 -18"><span class='ocrx_word' id='word_1_155' title='bbox 368 2709 515 2785; x_wconf 84' lang='lat' dir='ltr'>invitique</span> <span class='ocrx_word' id='word_1_156' title='bbox 538 2708 616 2768; x_wconf 92' lang='lat' dir='ltr'>oculi</span> <span class='ocrx_word' id='word_1_157' title='bbox 640 2708 770 2768; x_wconf 80' lang='lat' dir='ltr'>lacrimis</span> <span class='ocrx_word' id='word_1_158' title='bbox 793 2708 932 2768; x_wconf 91' lang='lat' dir='ltr'>maduere</span> <span class='ocrx_word' id='word_1_159' title='bbox 956 2709 1077 2768; x_wconf 82' lang='lat' dir='ltr'>coactis.</span> 
     </span>
    </p>
   </div>
   <div class='ocr_carea' id='block_1_3' title="bbox 214 2826 1341 3415">
    <p class='ocr_par' dir='ltr' id='par_1_8' title="bbox 214 2826 1341 3313">
     <span class='ocr_line' id='line_1_22' title="bbox 214 2826 1339 2906; baseline -0.004 -15"><span class='ocrx_word' id='word_1_160' title='bbox 214 2829 360 2906; x_wconf 81' lang='lat' dir='ltr'>Chorum,</span> <span class='ocrx_word' id='word_1_161' title='bbox 385 2828 513 2889; x_wconf 78' lang='lat' dir='ltr'>fortusse</span> <span class='ocrx_word' id='word_1_162' title='bbox 536 2846 573 2887; x_wconf 81' lang='lat' dir='ltr'>ex</span> <span class='ocrx_word' id='word_1_163' title='bbox 596 2828 819 2888; x_wconf 78' lang='lat' dir='ltr'>Bacchantibus</span> <span class='ocrx_word' id='word_1_164' title='bbox 841 2832 1036 2899; x_wconf 82' lang='lat' dir='ltr'>constantem,</span> <span class='ocrx_word' id='word_1_165' title='bbox 1059 2826 1248 2903; x_wconf 87' lang='lat' dir='ltr'>conspirasse</span> <span class='ocrx_word' id='word_1_166' title='bbox 1271 2846 1339 2888; x_wconf 89' lang='lat' dir='ltr'>cnm</span> 
     </span>
     <span class='ocr_line' id='line_1_23' title="bbox 214 2928 1341 3006; baseline -0.003 -16"><span class='ocrx_word' id='word_1_167' title='bbox 214 2931 333 2990; x_wconf 91' lang='lat' dir='ltr'>Proona</span> <span class='ocrx_word' id='word_1_168' title='bbox 364 2947 486 2990; x_wconf 90' lang='lat' dir='ltr'>necesse</span> <span class='ocrx_word' id='word_1_169' title='bbox 515 2933 571 3000; x_wconf 87' lang='lat' dir='ltr'>est;</span> <span class='ocrx_word' id='word_1_170' title='bbox 607 2928 693 2989; x_wconf 87' lang='lat' dir='ltr'>aliter</span> <span class='ocrx_word' id='word_1_171' title='bbox 725 2931 800 2988; x_wconf 90' lang='lat' dir='ltr'>enim</span> <span class='ocrx_word' id='word_1_172' title='bbox 832 2930 883 2988; x_wconf 91' lang='lat' dir='ltr'>illa</span> <span class='ocrx_word' id='word_1_173' title='bbox 907 2936 1011 2990; x_wconf 77' lang='lat' dir='ltr'>contra</span> <span class='ocrx_word' id='word_1_174' title='bbox 1033 2947 1134 3006; x_wconf 89' lang='lat' dir='ltr'>regem</span> <span class='ocrx_word' id='word_1_175' title='bbox 1158 2946 1218 2988; x_wconf 93' lang='lat' dir='ltr'>non</span> <span class='ocrx_word' id='word_1_176' title='bbox 1242 2929 1341 3006; x_wconf 88' lang='lat' dir='ltr'>potuit</span> 
     </span>
     <span class='ocr_line' id='line_1_24' title="bbox 214 3029 1338 3110; baseline -0.001 -18"><span class='ocrx_word' id='word_1_177' title='bbox 214 3031 312 3110; x_wconf 86' lang='lat' dir='ltr'>pslsm</span> <span class='ocrx_word' id='word_1_178' title='bbox 336 3032 422 3092; x_wconf 93' lang='lat' dir='ltr'>dolos</span> <span class='ocrx_word' id='word_1_179' title='bbox 445 3038 573 3092; x_wconf 89' lang='lat' dir='ltr'>nectere.</span> <span class='ocrx_word' id='word_1_180' title='bbox 608 3031 662 3092; x_wconf 83' lang='lat' dir='ltr'>Cui</span> <span class='ocrx_word' id='word_1_181' title='bbox 686 3031 860 3108; x_wconf 89' lang='lat' dir='ltr'>obstrepere</span> <span class='ocrx_word' id='word_1_182' title='bbox 883 3032 1003 3091; x_wconf 86' lang='lat' dir='ltr'>videtur</span> <span class='ocrx_word' id='word_1_183' title='bbox 1026 3031 1167 3108; x_wconf 74' lang='lat' dir='ltr'>irghcc.</span> <span class='ocrx_word' id='word_1_184' title='bbox 1183 3031 1235 3109; x_wconf 83' lang='lat' dir='ltr'>IX,</span> <span class='ocrx_word' id='word_1_185' title='bbox 1256 3029 1338 3107; x_wconf 88' lang='lat' dir='ltr'>quod</span> 
     </span>
     <span class='ocr_line' id='line_1_25' title="bbox 215 3131 1340 3211; baseline 0 -18"><span class='ocrx_word' id='word_1_186' title='bbox 215 3133 298 3194; x_wconf 90' lang='lat' dir='ltr'>chori</span> <span class='ocrx_word' id='word_1_187' title='bbox 321 3152 387 3194; x_wconf 91' lang='lat' dir='ltr'>esse</span> <span class='ocrx_word' id='word_1_188' title='bbox 409 3133 479 3193; x_wconf 90' lang='lat' dir='ltr'>inde</span> <span class='ocrx_word' id='word_1_189' title='bbox 502 3138 637 3211; x_wconf 72' lang='lat' dir='ltr'>apparet,</span> <span class='ocrx_word' id='word_1_190' title='bbox 667 3132 747 3209; x_wconf 87' lang='lat' dir='ltr'>quod</span> <span class='ocrx_word' id='word_1_191' title='bbox 778 3133 803 3192; x_wconf 93' lang='lat' dir='ltr'>is</span> <span class='ocrx_word' id='word_1_192' title='bbox 834 3132 884 3209; x_wconf 89' lang='lat' dir='ltr'>qui</span> <span class='ocrx_word' id='word_1_193' title='bbox 907 3133 1039 3209; x_wconf 87' lang='lat' dir='ltr'>loquitur</span> <span class='ocrx_word' id='word_1_194' title='bbox 1061 3133 1098 3193; x_wconf 91' lang='lat' dir='ltr'>de</span> <span class='ocrx_word' id='word_1_195' title='bbox 1122 3133 1267 3196; x_wconf 88' lang='lat' dir='ltr'>suoloco</span> <span class='ocrx_word' id='word_1_196' title='bbox 1290 3131 1340 3193; x_wconf 85' lang='lat' dir='ltr'>do·</span> 
     </span>
     <span class='ocr_line' id='line_1_26' title="bbox 217 3234 1164 3313; baseline -0.004 -19"><span class='ocrx_word' id='word_1_197' title='bbox 217 3234 324 3294; x_wconf 89' lang='lat' dir='ltr'>cedere</span> <span class='ocrx_word' id='word_1_198' title='bbox 348 3234 425 3294; x_wconf 87' lang='lat' dir='ltr'>nolle</span> <span class='ocrx_word' id='word_1_199' title='bbox 448 3238 500 3293; x_wconf 79' lang='lat' dir='ltr'>out</span> <span class='ocrx_word' id='word_1_200' title='bbox 523 3253 581 3293; x_wconf 90' lang='lat' dir='ltr'>uon</span> <span class='ocrx_word' id='word_1_201' title='bbox 606 3252 695 3311; x_wconf 89' lang='lat' dir='ltr'>posse</span> <span class='ocrx_word' id='word_1_202' title='bbox 718 3234 851 3311; x_wconf 87' lang='lat' dir='ltr'>videtnr;</span> <span class='ocrx_word' id='word_1_203' title='bbox 874 3252 911 3294; x_wconf 91' lang='lat' dir='ltr'>en</span> <span class='ocrx_word' id='word_1_204' title='bbox 935 3235 1036 3313; x_wconf 88' lang='lat' dir='ltr'>aspice</span> <span class='ocrx_word' id='word_1_205' title='bbox 1058 3234 1164 3294; x_wconf 83' lang='lat' dir='ltr'>verbe:</span> 
     </span>
    </p>

    <p class='ocr_par' dir='ltr' id='par_1_9' title="bbox 258 3335 1316 3415">
     <span class='ocr_line' id='line_1_27' title="bbox 258 3335 1316 3415; baseline 0.001 -21"><span class='ocrx_word' id='word_1_206' title='bbox 258 3335 310 3395; x_wconf 90' lang='lat' dir='ltr'>Set</span> <span class='ocrx_word' id='word_1_207' title='bbox 333 3336 387 3396; x_wconf 91' lang='lat' dir='ltr'>nisi</span> <span class='ocrx_word' id='word_1_208' title='bbox 411 3335 547 3395; x_wconf 86' lang='lat' dir='ltr'>clamaris</span> <span class='ocrx_word' id='word_1_209' title='bbox 569 3355 686 3414; x_wconf 88' lang='lat' dir='ltr'>regem,</span> <span class='ocrx_word' id='word_1_210' title='bbox 708 3355 836 3413; x_wconf 90' lang='lat' dir='ltr'>puerum</span> <span class='ocrx_word' id='word_1_211' title='bbox 858 3336 977 3397; x_wconf 80' lang='lat' dir='ltr'>auferre</span> <span class='ocrx_word' id='word_1_212' title='bbox 1001 3337 1038 3396; x_wconf 83' lang='lat' dir='ltr'>ab</span> <span class='ocrx_word' id='word_1_213' title='bbox 1061 3336 1166 3413; x_wconf 77' lang='lat' dir='ltr'>regins</span> <span class='ocrx_word' id='word_1_214' title='bbox 1188 3353 1316 3415; x_wconf 88' lang='lat' dir='ltr'>occupo.</span> 
     </span>
    </p>
   </div>
   <div class='ocr_carea' id='block_1_4' title="bbox 216 3454 1346 4247">
    <p class='ocr_par' dir='ltr' id='par_1_10' title="bbox 216 3454 1346 4247">
     <span class='ocr_line' id='line_1_28' title="bbox 217 3454 1341 3533; baseline 0.001 -20"><span class='ocrx_word' id='word_1_215' title='bbox 217 3455 283 3514; x_wconf 88' lang='lat' dir='ltr'>Hoc</span> <span class='ocrx_word' id='word_1_216' title='bbox 305 3460 403 3514; x_wconf 85' lang='lat' dir='ltr'>autem</span> <span class='ocrx_word' id='word_1_217' title='bbox 426 3454 450 3514; x_wconf 89' lang='lat' dir='ltr'>si</span> <span class='ocrx_word' id='word_1_218' title='bbox 473 3455 583 3515; x_wconf 90' lang='lat' dir='ltr'>chorus</span> <span class='ocrx_word' id='word_1_219' title='bbox 606 3455 688 3532; x_wconf 85' lang='lat' dir='ltr'>dicit,</span> <span class='ocrx_word' id='word_1_220' title='bbox 711 3473 777 3515; x_wconf 91' lang='lat' dir='ltr'>cum</span> <span class='ocrx_word' id='word_1_221' title='bbox 797 3457 915 3515; x_wconf 86' lang='lat' dir='ltr'>Proona</span> <span class='ocrx_word' id='word_1_222' title='bbox 938 3474 1064 3533; x_wconf 91' lang='lat' dir='ltr'>puerum</span> <span class='ocrx_word' id='word_1_223' title='bbox 1087 3456 1201 3533; x_wconf 84' lang='lat' dir='ltr'>arripit,</span> <span class='ocrx_word' id='word_1_224' title='bbox 1223 3460 1258 3516; x_wconf 85' lang='lat' dir='ltr'>ut</span> <span class='ocrx_word' id='word_1_225' title='bbox 1273 3473 1341 3516; x_wconf 90' lang='lat' dir='ltr'>eum</span> 
     </span>
     <span class='ocr_line' id='line_1_29' title="bbox 218 3557 1341 3634; baseline 0.004 -19"><span class='ocrx_word' id='word_1_226' title='bbox 218 3557 385 3632; x_wconf 85' lang='lat' dir='ltr'>iuterliciet,</span> <span class='ocrx_word' id='word_1_227' title='bbox 418 3557 553 3633; x_wconf 89' lang='lat' dir='ltr'>putanda</span> <span class='ocrx_word' id='word_1_228' title='bbox 583 3562 628 3618; x_wconf 92' lang='lat' dir='ltr'>est</span> <span class='ocrx_word' id='word_1_229' title='bbox 655 3576 754 3617; x_wconf 90' lang='lat' dir='ltr'>coram</span> <span class='ocrx_word' id='word_1_230' title='bbox 783 3559 874 3617; x_wconf 91' lang='lat' dir='ltr'>choro</span> <span class='ocrx_word' id='word_1_231' title='bbox 898 3563 928 3618; x_wconf 91' lang='lat' dir='ltr'>et</span> <span class='ocrx_word' id='word_1_232' title='bbox 951 3559 1051 3634; x_wconf 91' lang='lat' dir='ltr'>aliquo</span> <span class='ocrx_word' id='word_1_233' title='bbox 1073 3563 1176 3618; x_wconf 78' lang='lat' dir='ltr'>actore</span> <span class='ocrx_word' id='word_1_234' title='bbox 1199 3557 1341 3631; x_wconf 77' lang='lat' dir='ltr'>[fortusse</span> 
     </span>
     <span class='ocr_line' id='line_1_30' title="bbox 218 3657 1342 3737; baseline 0.003 -19"><span class='ocrx_word' id='word_1_235' title='bbox 218 3657 328 3734; x_wconf 84' lang='lat' dir='ltr'>servo),</span> <span class='ocrx_word' id='word_1_236' title='bbox 358 3660 404 3718; x_wconf 90' lang='lat' dir='ltr'>cui</span> <span class='ocrx_word' id='word_1_237' title='bbox 429 3660 540 3720; x_wconf 88' lang='lat' dir='ltr'>chorus</span> <span class='ocrx_word' id='word_1_238' title='bbox 571 3658 680 3720; x_wconf 90' lang='lat' dir='ltr'>deinde</span> <span class='ocrx_word' id='word_1_239' title='bbox 707 3661 759 3719; x_wconf 81' lang='lat' dir='ltr'>illa</span> <span class='ocrx_word' id='word_1_240' title='bbox 781 3661 873 3720; x_wconf 90' lang='lat' dir='ltr'>verba</span> <span class='ocrx_word' id='word_1_241' title='bbox 896 3659 960 3734; x_wconf 86' lang='lat' dir='ltr'>(Sel</span> <span class='ocrx_word' id='word_1_242' title='bbox 982 3661 1041 3719; x_wconf 81' lang='lat' dir='ltr'>nisi</span> <span class='ocrx_word' id='word_1_243' title='bbox 1063 3657 1130 3733; x_wconf 90' lang='lat' dir='ltr'>etc.)</span> <span class='ocrx_word' id='word_1_244' title='bbox 1153 3659 1242 3737; x_wconf 81' lang='lat' dir='ltr'>dicut,</span> <span class='ocrx_word' id='word_1_245' title='bbox 1271 3678 1342 3721; x_wconf 89' lang='lat' dir='ltr'>cou-</span> 
     </span>
     <span class='ocr_line' id='line_1_31' title="bbox 216 3761 1342 3839; baseline 0 -17"><span class='ocrx_word' id='word_1_246' title='bbox 216 3762 314 3822; x_wconf 89' lang='lat' dir='ltr'>silium</span> <span class='ocrx_word' id='word_1_247' title='bbox 346 3780 429 3821; x_wconf 89' lang='lat' dir='ltr'>suum</span> <span class='ocrx_word' id='word_1_248' title='bbox 461 3761 561 3821; x_wconf 87' lang='lat' dir='ltr'>verbis</span> <span class='ocrx_word' id='word_1_249' title='bbox 593 3766 623 3820; x_wconf 90' lang='lat' dir='ltr'>et</span> <span class='ocrx_word' id='word_1_250' title='bbox 652 3761 738 3821; x_wconf 84' lang='lat' dir='ltr'>lactis</span> <span class='ocrx_word' id='word_1_251' title='bbox 768 3767 879 3822; x_wconf 86' lang='lat' dir='ltr'>temere</span> <span class='ocrx_word' id='word_1_252' title='bbox 910 3762 1098 3839; x_wconf 80' lang='lat' dir='ltr'>patefecisse.</span> <span class='ocrx_word' id='word_1_253' title='bbox 1142 3762 1208 3821; x_wconf 89' lang='lat' dir='ltr'>Hoc</span> <span class='ocrx_word' id='word_1_254' title='bbox 1231 3779 1288 3839; x_wconf 89' lang='lat' dir='ltr'>per</span> <span class='ocrx_word' id='word_1_255' title='bbox 1308 3778 1342 3822; x_wconf 90' lang='lat' dir='ltr'>se</span> 
     </span>
     <span class='ocr_line' id='line_1_32' title="bbox 216 3862 1342 3943; baseline 0 -19"><span class='ocrx_word' id='word_1_256' title='bbox 216 3866 311 3943; x_wconf 89' lang='lat' dir='ltr'>ipsum</span> <span class='ocrx_word' id='word_1_257' title='bbox 346 3881 404 3923; x_wconf 92' lang='lat' dir='ltr'>nou</span> <span class='ocrx_word' id='word_1_258' title='bbox 437 3863 592 3940; x_wconf 89' lang='lat' dir='ltr'>probabile</span> <span class='ocrx_word' id='word_1_259' title='bbox 623 3868 681 3934; x_wconf 90' lang='lat' dir='ltr'>est;</span> <span class='ocrx_word' id='word_1_260' title='bbox 716 3863 832 3923; x_wconf 89' lang='lat' dir='ltr'>minime</span> <span class='ocrx_word' id='word_1_261' title='bbox 862 3883 933 3924; x_wconf 87' lang='lat' dir='ltr'>vero</span> <span class='ocrx_word' id='word_1_262' title='bbox 957 3862 1121 3924; x_wconf 87' lang='lat' dir='ltr'>Ribbeckio</span> <span class='ocrx_word' id='word_1_263' title='bbox 1152 3864 1239 3924; x_wconf 89' lang='lat' dir='ltr'>velim</span> <span class='ocrx_word' id='word_1_264' title='bbox 1273 3864 1342 3924; x_wconf 87' lang='lat' dir='ltr'>asti·</span> 
     </span>
     <span class='ocr_line' id='line_1_33' title="bbox 217 3963 1344 4044; baseline 0.003 -20"><span class='ocrx_word' id='word_1_265' title='bbox 217 3967 328 4044; x_wconf 90' lang='lat' dir='ltr'>pulari,</span> <span class='ocrx_word' id='word_1_266' title='bbox 362 3985 429 4026; x_wconf 91' lang='lat' dir='ltr'>cum</span> <span class='ocrx_word' id='word_1_267' title='bbox 462 3970 584 4026; x_wconf 81' lang='lat' dir='ltr'>matrem</span> <span class='ocrx_word' id='word_1_268' title='bbox 616 3965 701 4025; x_wconf 84' lang='lat' dir='ltr'>ferali</span> <span class='ocrx_word' id='word_1_269' title='bbox 730 3965 833 4026; x_wconf 88' lang='lat' dir='ltr'>furore</span> <span class='ocrx_word' id='word_1_270' title='bbox 863 3985 988 4044; x_wconf 91' lang='lat' dir='ltr'>puerum</span> <span class='ocrx_word' id='word_1_271' title='bbox 1020 3966 1182 4042; x_wconf 87' lang='lat' dir='ltr'>arripuisse</span> <span class='ocrx_word' id='word_1_272' title='bbox 1210 3963 1254 4039; x_wconf 86' lang='lat' dir='ltr'>(in</span> <span class='ocrx_word' id='word_1_273' title='bbox 1276 3966 1344 4044; x_wconf 81' lang='lat' dir='ltr'>ipsa</span> 
     </span>
     <span class='ocr_line' id='line_1_34' title="bbox 217 4068 1343 4146; baseline 0 -18"><span class='ocrx_word' id='word_1_274' title='bbox 217 4069 339 4140; x_wconf 78' lang='lat' dir='ltr'>scaone)</span> <span class='ocrx_word' id='word_1_275' title='bbox 373 4070 556 4145; x_wconf 80' lang='lat' dir='ltr'>suspicetur3</span> <span class='ocrx_word' id='word_1_276' title='bbox 592 4068 648 4128; x_wconf 89' lang='lat' dir='ltr'>hoo</span> <span class='ocrx_word' id='word_1_277' title='bbox 682 4069 759 4128; x_wconf 91' lang='lat' dir='ltr'>enim</span> <span class='ocrx_word' id='word_1_278' title='bbox 793 4068 939 4146; x_wconf 89' lang='lat' dir='ltr'>Sophocle</span> <span class='ocrx_word' id='word_1_279' title='bbox 973 4087 1032 4128; x_wconf 91' lang='lat' dir='ltr'>non</span> <span class='ocrx_word' id='word_1_280' title='bbox 1067 4068 1201 4144; x_wconf 85' lang='lat' dir='ltr'>dignum.</span> <span class='ocrx_word' id='word_1_281' title='bbox 1249 4068 1343 4128; x_wconf 88' lang='lat' dir='ltr'>Immo</span> 
     </span>
     <span class='ocr_line' id='line_1_35' title="bbox 218 4168 1346 4247; baseline 0 -17"><span class='ocrx_word' id='word_1_282' title='bbox 218 4170 306 4230; x_wconf 89' lang='lat' dir='ltr'>etiam</span> <span class='ocrx_word' id='word_1_283' title='bbox 329 4170 438 4230; x_wconf 90' lang='lat' dir='ltr'>bacin</span> <span class='ocrx_word' id='word_1_284' title='bbox 462 4188 494 4229; x_wconf 91' lang='lat' dir='ltr'>re</span> <span class='ocrx_word' id='word_1_285' title='bbox 516 4169 655 4231; x_wconf 84' lang='lat' dir='ltr'>Ovidium</span> <span class='ocrx_word' id='word_1_286' title='bbox 687 4176 847 4247; x_wconf 90' lang='lat' dir='ltr'>sequentes</span> <span class='ocrx_word' id='word_1_287' title='bbox 870 4170 1045 4247; x_wconf 89' lang='lat' dir='ltr'>Sophoclem</span> <span class='ocrx_word' id='word_1_288' title='bbox 1074 4168 1346 4246; x_wconf 86' lang='lat' dir='ltr'>deprehendemus.</span> 
     </span>
    </p>
   </div>
   <div class='ocr_carea' id='block_1_5' title="bbox 219 4287 422 4295">
    <p class='ocr_par' dir='ltr' id='par_1_11' title="bbox 219 4287 422 4295">
     <span class='ocr_line' id='line_1_36' title="bbox 219 4287 422 4295; baseline -0.01 -1"><span class='ocrx_word' id='word_1_289' title='bbox 219 4287 422 4295; x_wconf 70' lang='grc'>-----</span> 
     </span>
    </p>
   </div>
   <div class='ocr_carea' id='block_1_6' title="bbox 219 4341 1345 4504">
    <p class='ocr_par' dir='ltr' id='par_1_12' title="bbox 219 4341 1345 4504">
     <span class='ocr_line' id='line_1_37' title="bbox 295 4341 1345 4422; baseline 0 -18"><span class='ocrx_word' id='word_1_290' title='bbox 295 4353 318 4419; x_wconf 80' lang='grc'>1)</span> <span class='ocrx_word' id='word_1_291' title='bbox 336 4349 370 4404; x_wconf 83' lang='lat' dir='ltr'>os.</span> <span class='ocrx_word' id='word_1_292' title='bbox 383 4348 469 4404; x_wconf 91' lang='lat' dir='ltr'>schol.</span> <span class='ocrx_word' id='word_1_293' title='bbox 483 4349 529 4406; x_wconf 85' lang='lat' dir='ltr'>Ar.</span> <span class='ocrx_word' id='word_1_294' title='bbox 543 4365 586 4405; x_wconf 79' lang='lat' dir='ltr'>ov.</span> <span class='ocrx_word' id='word_1_295' title='bbox 600 4355 662 4406; x_wconf 81' lang='lat'>281:</span> <span class='ocrx_word' id='word_1_296' title='bbox 683 4341 699 4403; x_wconf 83' lang='grc' dir='ltr'><em>ὃ</em></span> <span class='ocrx_word' id='word_1_297' title='bbox 716 4351 873 4419; x_wconf 83' lang='grc' dir='ltr'><strong><em>Σοφοκλῆς</em></strong></span> <span class='ocrx_word' id='word_1_298' title='bbox 889 4355 1008 4420; x_wconf 81' lang='grc' dir='ltr'><strong><em>πρῶτον</em></strong></span> <span class='ocrx_word' id='word_1_299' title='bbox 1020 4345 1073 4404; x_wconf 82' lang='grc' dir='ltr'>τὸν</span> <span class='ocrx_word' id='word_1_300' title='bbox 1089 4344 1182 4422; x_wconf 74' lang='grc' dir='ltr'><strong><em>Τηρέα</em></strong></span> <span class='ocrx_word' id='word_1_301' title='bbox 1195 4343 1345 4419; x_wconf 69' lang='grc' dir='ltr'><strong><em>ἐποίησεν,</em></strong></span> 
     </span>
     <span class='ocr_line' id='line_1_38' title="bbox 219 4427 454 4504; baseline -0.009 -13"><span class='ocrx_word' id='word_1_302' title='bbox 219 4427 282 4492; x_wconf 72' lang='grc' dir='ltr'>εἶτα</span> <span class='ocrx_word' id='word_1_303' title='bbox 303 4436 454 4504; x_wconf 77' lang='grc' dir='ltr'><strong><em>Φιλοκλῆς.</em></strong></span> 
     </span>
    </p>
   </div>
   <div class='ocr_carea' id='block_1_7' title="bbox 0 0 1568 5198">
    <p class='ocr_par' dir='ltr' id='par_1_13' title="bbox 0 0 1568 5198">
     <span class='ocr_line' id='line_1_39' title="bbox 0 0 1568 5198; baseline 0 0"><span class='ocrx_word' id='word_1_304' title='bbox 0 0 1568 5198; x_wconf 95' lang='lat' dir='ltr'> </span> 
     </span>
    </p>
   </div>
  </div>
 </body>
</html>
