3104 5198
369 607 452 682 ὅταν
474 610 537 699 γὰρ
562 605 655 699 αὐτῷ
675 613 858 698 προσφέρω
880 616 1006 696 βρῶσιν
1028 609 1152 693 διδούς,

366 714 429 807 τὴν
451 714 528 802 pave
548 708 580 800 μ’
595 707 701 794 εὐθὺς
723 720 865 803 ψηλαφᾷ
887 707 981 781 κᾶνω
1003 715 1095 798 φέρει

365 815 427 906 τὴν
448 832 541 904 χεῖρα
562 815 650 904 πρὸς
671 815 847 902 φαλακρὸν
870 807 932 905 ἡδύ
956 818 1131 902 daupeinais,

211 964 291 1021 quae
314 946 408 1006 verba
430 947 494 1005 iure
517 946 641 1006 Orosius
670 948 756 1021 putat
778 962 844 1003 esse
867 943 971 1019 Sileni,
1000 944 1140 1003 Liberum
1165 945 1335 1014 nutrientis3

211 1052 284 1107 sunt
305 1057 404 1107 autem
428 1048 512 1123 talia,
543 1051 656 1106 utnon
680 1047 735 1107 nisi
760 1046 798 1105 ad
821 1045 979 1116 infantem,
1009 1046 1060 1122 qui
1089 1047 1167 1105 ulnis
1190 1053 1336 1121 teneatur,

213 1152 332 1226 possint
355 1149 470 1221 reterri,
494 1151 535 1209 ita
558 1154 591 1209 ut
613 1168 671 1208 non
695 1167 798 1208 vorum
819 1148 961 1207 infantem
978 1149 1007 1206 in
1024 1166 1163 1207 scaenam
1179 1147 1334 1208 inductum

212 1270 280 1311 esse
303 1253 476 1311 existimem.
521 1253 551 1312 si
575 1252 648 1311 mira
670 1250 805 1310 alliciens
827 1249 917 1309 Liber
939 1249 1027 1309 lictus
1050 1255 1124 1326 erat,
1151 1255 1184 1310 ut
1206 1251 1337 1328 suspica·

211 1357 261 1414 tnr
284 1354 417 1431 drusius,
440 1373 475 1414 ea
498 1360 576 1414 certe
600 1353 801 1413 narrabantur
824 1356 952 1429 tantum,
974 1352 1055 1428 quod
1079 1353 1183 1412 eodem
1201 1352 1288 1413 modo
1304 1354 1334 1413 in

213 1449 408 1516 neracletseo
430 1455 539 1516 factum
564 1474 629 1516 esse
652 1462 739 1533 puto;
762 1455 898 1531 quamvis
921 1456 997 1514 enim
1016 1455 1089 1514 nihil
1105 1452 1143 1516 de
1159 1463 1336 1532 argumento

212 1561 352 1635 sciamus,
375 1564 472 1619 tamen
496 1558 628 1618 fabulam
652 1558 730 1617 illam
755 1557 792 1617 dc
815 1558 962 1634 anguibus
983 1557 1020 1617 ab
1040 1557 1154 1618 infante
1170 1557 1336 1618 interfectis

212 1680 385 1739 expressam
411 1662 504 1722 luisse
526 1663 590 1722 veri
614 1666 660 1721 est
683 1659 869 1719 simillimum.

300 1765 333 1823 ln
350 1757 467 1840 Polyido
488 1763 551 1822 sive
567 1757 689 1821 Vatibus
705 1760 880 1838 Sophocles,
902 1766 935 1821 nt
951 1761 1120 1839 Euripides,
1142 1765 1241 1822 uotam
1257 1761 1336 1821 illam

213 1864 250 1924 de
275 1866 411 1942 Polyido,
433 1866 484 1941 qni
500 1865 645 1925 Glaucum
668 1883 794 1941 pnernm
818 1863 929 1942 reperit
951 1869 981 1923 et
1004 1865 1033 1923 in
1057 1864 1147 1924 vitam
1170 1866 1337 1937 resuscitat,

213 1970 416 2028 narrationem
440 1968 586 2028 tractavit.
621 1967 757 2028 Certiora
779 1966 816 2025 de
839 1971 990 2026 structura
1011 1965 1131 2026 fabulae
1154 1984 1338 2043 cognoscere

213 2087 273 2130 non
303 2087 468 2146 possumus.
512 2071 640 2130 Puerum
670 2069 830 2145 parvulum
859 2068 1094 2144 intellegendum
1123 2086 1190 2128 esse
1212 2088 1278 2129 cnm
1301 2087 1337 2129 ex

214 2172 332 2248 volgari
357 2173 508 2248 memoria,
530 2190 590 2249 qna
613 2171 662 2231 ille
685 2171 791 2231 ludens
814 2169 993 2231 describitur
1014 2169 1140 2247 (Apella
1170 2166 1237 2248 μῦν
1260 2158 1337 2229 διώ·

211 2288 299 2331 κων·
332 2275 456 2350 Hygia:
481 2274 550 2333 dam
573 2274 649 2333 tacit
669 2272 749 2347 pilu)
772 2276 834 2332 tum
858 2291 895 2333 ex
918 2273 1043 2349 antiqua
1065 2273 1193 2349 quadam
1218 2272 1337 2334 Sotadis

212 2371 365 2452 pictura¹)
388 2377 533 2453 sequitur.
576 2376 641 2435 Nisi
672 2374 758 2434 titulo
789 2373 967 2446 deludimur,
1001 2375 1112 2434 chorus
1142 2375 1274 2434 constitit
1300 2393 1337 2434 ex

213 2478 336 2538 vatibus
359 2476 479 2554 (nempe
497 2476 697 2554 Cretensibus,
720 2477 770 2553 qui
794 2477 950 2536 convocati
974 2476 1087 2536 consilii
1111 2480 1197 2536 erant
1212 2470 1339 2552 inopes),

213 2579 295 2640 unde
318 2579 447 2639 efficitur
468 2579 598 2639 fabulam
621 2597 680 2639 non
704 2578 796 2638 luisse
819 2579 988 2656 satyricam.

302 2869 444 2929 Venimus
475 2870 511 2929 ad
543 2869 822 2946 Euripidearnm
857 2869 1023 2929 tabularum
1060 2869 1209 2946 reliquias.
1253 2866 1337 2940 Quae

213 2973 271 3031 iam
295 2993 313 3032 a
336 2972 437 3032 multis
459 2973 533 3032 viris
557 2972 653 3033 doctis
677 2974 717 3032 lta
737 2971 879 3032 collectae
899 2972 1061 3049 dispositae
1077 2973 1244 3049 explicatae
1260 2978 1339 3048 sunt,

214 3082 247 3136 ut
270 3078 321 3135 vix
345 3077 406 3136 ulla
429 3076 531 3136 sabula
554 3081 671 3136 maneat
694 3078 831 3136 obscura.
864 3076 1046 3149 Quinetiam
1064 3081 1209 3154 tempora,
1231 3077 1339 3154 quibus

214 3179 321 3239 doctae
351 3186 435 3251 sunt,
468 3179 498 3238 in
529 3179 627 3239 multis
654 3180 726 3238 satis
749 3183 830 3238 certe
853 3180 1017 3238 constituta
1039 3185 1124 3257 sunt,
1156 3185 1274 3239 ceterae
1297 3180 1339 3238 ita

214 3281 336 3358 quidem
360 3282 446 3354 fixae,
473 3286 506 3341 nt
529 3282 579 3341 uni
602 3299 640 3340 ex
663 3282 779 3358 magnis
801 3281 895 3341 tribus
917 3281 973 3341 illis
996 3283 1153 3358 aetatibus,
1180 3300 1256 3359 quas
1278 3283 1338 3341 dis-

214 3387 367 3444 cernimus
389 3386 419 3443 in
442 3385 524 3460 poesi
547 3383 719 3460 Euripiden,
741 3384 940 3444 ascribantur.
974 3385 1079 3460 ltaque
1102 3384 1188 3444 nobis
1212 3386 1339 3444 maxima

213 3507 252 3548 ex
275 3493 361 3563 parte
385 3488 458 3546 nibil
481 3487 614 3546 relictum
636 3491 689 3557 est,
712 3487 768 3546 nisi
785 3490 826 3559 ut,
847 3505 916 3546 num
932 3486 1046 3546 fuerint
1061 3506 1220 3563 puerorum
1238 3492 1338 3565 partes

213 3591 244 3650 in
276 3591 402 3667 singulis
432 3590 541 3649 sabulis
571 3590 736 3667 qualesque
767 3590 890 3663 luerint,
924 3609 1111 3668 quaeramus.
1161 3593 1207 3652 Ne
1237 3597 1338 3653 autem

213 3711 292 3769 opus
322 3695 360 3752 sit
389 3693 570 3769 testimonia,
604 3711 641 3752 ex
673 3694 783 3769 quibus
813 3699 948 3769 tempora
979 3698 1071 3771 atque
1093 3699 1337 3772 argumentorum

214 3815 349 3856 summae
373 3800 604 3873 cognoscuntur,
626 3796 799 3872 singillatim
823 3797 940 3872 afferre,
963 3796 1067 3872 delego
1091 3801 1120 3857 te
1143 3797 1180 3856 ad
1198 3798 1337 3858 Wilamo-

214 3898 307 3958 witaii
331 3899 476 3957 Analecta
500 3898 662 3974 Euripidea
684 3901 714 3956 et
736 3898 801 3957 eins
824 3898 992 3958 Herculem.

301 4001 440 4059 Primae
462 4000 567 4060 aetatis
589 4002 717 4076 primum
741 4018 791 4060 eas
814 4000 929 4061 fabulas
952 4003 1089 4077 afferam,
1116 4021 1242 4079 quarum
1266 4010 1337 4063 tem-

212 4122 290 4180 pora
313 4109 384 4163 nota
407 4108 486 4162 sunt

301 4208 336 4265 ln
359 4196 499 4283 Telepho,
530 4224 619 4282 qnam
650 4224 710 4265 una
740 4223 805 4264 cum
834 4205 989 4265 Alcestide
1019 4225 1098 4267 anno
1118 4210 1180 4269 438
1210 4225 1338 4268 scaenae

303 4421 324 4494 ¹)
343 4418 378 4476 cf.
398 4419 533 4489 Zingerle,
550 4418 731 4490 drab-epigr.
749 4419 854 4474 Mittell
872 4434 921 4475 aus
939 4420 1058 4478 Oesterr.
1071 4419 1162 4491 XVII,
1180 4437 1206 4490 p.
1218 4427 1276 4477 119.
