3104 5198
1271 419 1333 478 249

213 591 363 669 candens,
394 612 481 669 qrrem
513 592 655 652 invocant
684 610 786 651 omnes
815 588 928 661 lovem)
958 590 1071 650 sedisse
1102 595 1192 666 atque
1219 594 1334 666 specta·

212 695 328 756 toribus
355 697 421 772 quis
451 702 529 755 essct
561 697 754 773 patefecissc;
784 696 843 755 huc
866 713 932 754 uum
956 693 1119 753 Ribbeckio
1143 692 1332 752 referendum

213 798 269 875 frg.
287 800 336 858 lli:

358 919 521 992 Quemnam
546 923 574 977 to
597 937 663 977 esse
686 917 792 995 dicam,
814 919 864 993 qui
889 917 975 977 tarda
998 918 1027 975 iu
1051 920 1195 978 senecta?

215 1055 291 1115 lllud
306 1056 395 1130 igitur
409 1062 635 1132 argumentum:
662 1056 842 1130 ,Thyestem
860 1072 926 1112 cum
940 1053 1006 1111 liliis
1017 1052 1053 1111 ad
1068 1072 1147 1111 aram
1162 1053 1333 1113 sedentem⁶⁶

212 1158 373 1236 Euripides
396 1177 432 1216 ex
456 1159 579 1234 antiqua
604 1158 742 1216 memoria
765 1159 907 1233 sumpsit,
937 1156 1050 1214 etiamsi
1073 1156 1181 1231 agendi
1205 1157 1336 1216 rationes

211 1260 365 1337 Thyestae
399 1279 521 1338 prorsus
556 1262 731 1319 immutavit.
790 1259 867 1332 Quid
902 1260 1037 1335 Thyesta
1074 1265 1180 1318 contra
1213 1258 1334 1318 fratrem

214 1364 333 1422 rnolitus
356 1365 401 1438 sit,
424 1362 573 1440 quomodo
595 1363 642 1422 ille
667 1382 733 1421 euru
756 1364 880 1438 eiusque
895 1360 1017 1420 insidias
1032 1363 1218 1439 cognoverit,
1237 1369 1336 1420 tamen

212 1465 283 1526 licta
298 1469 396 1544 gratia
412 1486 478 1526 eum
496 1467 657 1544 deceperit,
673 1485 731 1525 non
749 1465 806 1524 iam
824 1483 981 1542 possumus
997 1464 1177 1524 discernere.
1221 1465 1334 1524 Tamen

212 1588 279 1628 curn
303 1571 404 1646 pueris
427 1569 464 1628 ad
489 1568 710 1645 exsequendum
735 1567 835 1627 dolum
860 1587 945 1626 usum
969 1585 1034 1626 esse
1059 1586 1116 1627 non
1140 1568 1182 1626 ita
1204 1568 1267 1626 veri
1291 1574 1336 1625 eat

213 1672 365 1750 dissimile,
387 1675 459 1750 quia
476 1674 532 1731 hoc
548 1672 674 1732 artificio
690 1671 831 1730 facillime
848 1671 942 1746 potuit
958 1669 1191 1729 misericordiam
1207 1688 1337 1729 morere.

211 1776 425 1853 Fragmentum
449 1775 534 1850 illud,
556 1790 613 1846 quo
632 1776 740 1835 Atreus
763 1773 800 1832 do
823 1774 947 1832 scientia
969 1790 1025 1831 sua
1047 1790 1146 1832 rerum
1163 1772 1335 1832 caelestium

213 1883 303 1954 atque
334 1879 449 1954 imperii
479 1880 676 1954 occupatione
711 1877 857 1953 gloriatur
888 1874 990 1950 (861),
1020 1894 1057 1934 ex
1096 1875 1233 1951 longiore
1259 1895 1287 1950 q.
1307 1894 1334 1932 v.

213 1969 304 2060 ῥήσει
339 1981 440 2054 Atrei,
480 1999 538 2057 qua
577 1998 646 2039 suas
680 1981 821 2049 virtutes,
862 1978 962 2037 fratris
1002 1977 1126 2037 iniurias
1159 1978 1338 2054 exponebat,

211 2087 363 2158 sumptum
395 2082 520 2140 videtur.
545 2111 584 2119 -
608 2081 774 2158 Sophoclea
804 2081 920 2150 tabula,
952 2084 984 2138 ut
1012 2097 1105 2154 supra
1135 2080 1337 2156 exposuimus,

213 2187 244 2241 et
259 2183 397 2259 Aeropae
417 2202 544 2260 poenam
561 2188 590 2242 et
606 2201 708 2242 ccuarn
725 2184 877 2258 Thyestae
893 2186 923 2240 ct
939 2180 1060 2240 eaedem
1076 2180 1170 2256 ipsius
1184 2181 1336 2256 Thyestae

213 2286 368 2345 continuit.
421 2287 492 2346 Cum
516 2284 606 2362 igitur
634 2287 662 2344 in
688 2286 733 2343 lris
763 2284 940 2353 sceleribus,
972 2285 988 2341 i.
1010 2301 1034 2342 e.
1057 2283 1140 2342 Atrei
1170 2283 1336 2342 ulciscendi

213 2389 357 2447 effrenato
389 2388 490 2448 lurore
514 2387 778 2465 repraesentando,
805 2405 919 2446 summa
941 2387 1083 2445 dramatis
1107 2386 1202 2462 posita
1225 2385 1337 2458 luisset,

212 2493 286 2550 talia
303 2492 404 2568 qualia
421 2491 580 2568 Euripides
602 2492 696 2564 linxit,
719 2490 840 2549 insidias
856 2490 1019 2566 Thyestae,
1042 2489 1241 2564 coguitionem
1264 2491 1338 2563 eius,

211 2592 377 2670 Sophocles
408 2595 541 2654 omisisse
572 2592 724 2672 putandus
759 2600 811 2652 est.
863 2594 955 2652 lmmo
986 2596 1073 2651 etiam
1103 2591 1160 2668 lrg.
1179 2592 1221 2651 lll
1252 2592 1337 2651 Atrei

211 2698 362 2757 Accianao
386 2697 474 2756 docet
488 2697 650 2773 Thyestem
675 2697 772 2756 statim
796 2695 1015 2770 advenientem,
1037 2694 1129 2770 idque
1149 2713 1204 2753 sua
1220 2699 1337 2771 sponte,

211 2801 251 2860 ab
273 2802 374 2876 Atreo,
396 2802 445 2876 qui
469 2802 530 2860 eius
553 2801 669 2859 scelera
692 2801 748 2858 iam
772 2800 982 2877 perspexisset,
1005 2799 1157 2873 cognitum
1181 2816 1263 2857 csac:

368 2921 472 2979 iterum
497 2921 645 2997 Thyestes
669 2921 791 2978 Atreum
816 2917 1014 2977 adtractatum
1039 2918 1169 2987 advenit,

367 3024 472 3082 iterum
496 3025 553 3082 ium
577 3021 753 3099 aggreditur
776 3041 821 3080 me
844 3029 875 3080 et
896 3023 1028 3098 quietum
1053 3022 1229 3081 exsuscitat:

368 3127 461 3185 maior
484 3127 552 3184 milri
577 3126 678 3199 moles,
702 3126 795 3184 maius
818 3123 1031 3184 miscendumst
1054 3125 1173 3202 malum,

367 3230 417 3304 qui
441 3229 518 3287 illius
541 3229 680 3287 acerbum
705 3246 757 3287 cor
780 3226 961 3287 contundam
985 3232 1013 3285 et
1036 3227 1238 3304 comprimam.

214 3368 376 3426 Praeterea
416 3366 495 3443 upud
531 3363 655 3425 Accium
690 3365 825 3424 videmus
865 3365 1028 3438 Thyestam
1068 3364 1098 3422 in
1132 3381 1241 3422 scaeua
1273 3364 1337 3439 ipsa

213 3487 399 3546 cognoscere
430 3463 611 3528 horrendum
642 3467 760 3527 facinus
790 3462 972 3542 (eguit),
1002 3465 1082 3542 apud
1107 3467 1232 3525 Ennium
1263 3483 1337 3524 vero

211 3572 363 3649 Thyestes
395 3573 452 3631 iam
483 3573 621 3631 conscius
652 3571 799 3629 factorum
831 3570 985 3646 egreditur
1016 3588 1031 3628 e
1063 3569 1149 3629 domo
1180 3561 1337 3646 (lnvlll).

213 3676 320 3751 ltaque
351 3694 407 3751 ego
439 3694 497 3734 uon
530 3674 635 3734 dubito
667 3691 806 3733 scaenam
829 3671 909 3731 illam
934 3690 1005 3730 vere
1028 3672 1171 3746 tragicam
1196 3668 1336 3741 Senecae,

212 3794 302 3851 quam
326 3793 392 3834 eum
417 3795 475 3836 uon
500 3795 536 3835 ex
560 3793 615 3834 suo
638 3775 758 3850 ingenio
782 3774 916 3832 hausisse
939 3773 1065 3849 opinor,
1088 3790 1150 3831 eam
1175 3771 1255 3848 dico,
1277 3789 1337 3847 qua

212 3879 363 3954 Thyestes
393 3886 462 3956 post
490 3880 584 3955 ipsam
616 3896 718 3937 cenam
750 3878 877 3954 primum
908 3874 1076 3948 dormiens,
1109 3874 1218 3934 deiude
1248 3874 1336 3934 modo

213 3998 338 4041 securus
360 3987 499 4050 cantans,
523 3980 610 4040 modo
634 3981 713 4039 curis
736 3984 862 4038 rexatus
885 3979 1053 4037 ostenditur
1076 3978 1165 4054 (Thy.
1180 3977 1338 4054 901sqq.),

214 4083 254 4143 ad
270 4083 446 4163 Sophoclem
463 4085 585 4144 reterre.
623 4084 786 4159 Antiquam
803 4070 995 4159 ἐκκύκλημα
1011 4081 1091 4140 clare
1107 4082 1194 4139 etiam
1211 4096 1337 4156 cognos-

214 4190 293 4248 citur
314 4207 362 4246 rr.
379 4184 491 4264 901l2:

462 4320 503 4330 -
526 4290 614 4350 turba
637 4288 798 4364 famularis,
822 4287 902 4347 tores

463 4395 565 4471 templi
589 4394 699 4466 relaxa,
721 4392 799 4452 testa
821 4389 944 4469 patefiat
966 4389 1085 4456 domus;
