3104 5198
217 570 323 648 Suppl.
341 575 436 635 1133:

375 663 441 752 ἐγώ
463 658 492 732 δ’
508 665 627 753 ἔρημος
649 661 776 734 ἀθλίου
797 661 926 750 πατρὸς
948 666 1053 745 τάλας

375 765 499 856 ἔρημον
522 765 620 836 οἶκον
642 761 892 855 ὀρφανεύσομαι
915 767 1028 852 λαβὼν

374 863 417 938 ου’
438 870 565 958 πατρὸς
587 872 624 938 ἐν
644 875 736 959 χερσὶ
758 876 822 939 τοῦ
844 871 1013 949 τεκόντος.

218 994 332 1056 Ττοιιᾶ.
350 1001 411 1059 749
424 1016 503 1077 squ:

373 1079 402 1158 ὦ
424 1107 489 1160 παῖ
509 1088 685 1180 δακρύεις;
707 1094 863 1161 αἰσθάνει
884 1098 1001 1161 κακῶν
1023 1095 1139 1172 eddom

372 1197 406 1261 τὶ
426 1220 493 1280 μου
516 1198 670 1282 δέδραξαι
689 1200 779 1284 χερσὶ
804 1190 956 1282 κάντέχει
978 1198 1131 1277 πέπλων,

374 1294 512 1378 νεοσσὸς
534 1290 613 1366 ὡσεὶ
634 1301 800 1387 πτέρυγας
822 1301 1006 1367 εἰοπὶτναιν
1027 1298 1124 1384 ἐμάς;

217 1440 336 1514 Quibus
367 1461 404 1503 ex
435 1445 509 1504 locis
539 1445 768 1506 luculentissime
796 1463 944 1523 apparere
971 1444 1210 1522 puto·.tragicos
1238 1448 1342 1522 poetas

214 1542 247 1603 in
271 1546 375 1621 pneris
397 1547 558 1624 praecipue
581 1547 759 1608 imbecillam
783 1557 976 1625 teneramque
998 1552 1125 1607 aetatem
1143 1547 1272 1607 voluisse
1292 1565 1342 1607 ea·

215 1647 362 1724 primere,
403 1648 482 1725 quod
516 1648 635 1726 quidem
669 1650 829 1728 Euripides
866 1651 986 1728 saepius
1020 1648 1240 1727 comparatione
1274 1668 1340 1709 cnm

215 1748 319 1808 avium
356 1751 447 1828 pullis
481 1769 552 1811 usus
589 1771 647 1812 non
685 1753 805 1831 illepide
839 1754 947 1813 effecit.
1002 1751 1116 1825 Quales
1149 1753 1173 1811 si
1206 1750 1342 1829 depictos

217 1869 332 1928 pueros
367 1854 514 1926 ridemus,
548 1855 724 1916 incredibile
757 1855 877 1915 videtur
914 1874 968 1934 pro
1002 1855 1109 1915 talibus
1143 1854 1342 1914 Athenienses

216 1953 342 2014 adultos
365 1956 394 2015 in
418 1974 528 2016 scaena
550 1958 695 2018 tolerasse
717 1961 841 2034 agentes
863 1962 916 2017 aut
938 1975 1020 2017 mera
1035 1958 1201 2016 simulacra.
1246 1957 1341 2017 Multa

213 2056 256 2115 illi
281 2057 404 2134 quidem
427 2078 445 2117 a
468 2067 577 2119 natura
599 2061 789 2120 abhorrentia
812 2060 1025 2137 toleraverunt,
1048 2061 1125 2119 sicut
1140 2048 1343 2137 ἐκκύκλημα,

213 2159 335 2219 similia.
368 2160 427 2222 Sed
450 2163 537 2222 etiam
561 2164 731 2223 accuratius
751 2164 878 2223 intuenti
898 2164 1034 2223 actiones
1049 2180 1211 2240 puerorum
1229 2163 1343 2222 naturis

213 2263 305 2322 unice
330 2265 569 2324 accommodatas
591 2273 695 2342 poetas
718 2266 747 2324 in
772 2266 843 2341 ipsis
858 2266 996 2325 versibus
1012 2263 1158 2325 indicasse
1174 2265 1343 2343 apparebit.

212 2365 332 2425 Scimus
362 2367 452 2443 enim,
486 2385 683 2444 quaecunque
713 2383 793 2428 nnnc
822 2374 929 2446 poetae
961 2367 997 2428 de
1025 2367 1192 2427 actionibus
1216 2370 1341 2443 totoque

215 2483 348 2527 scaenae
370 2474 518 2545 apparatu
542 2471 687 2546 separatis
711 2471 790 2531 uotis
812 2471 1028 2547 praescribunt,
1050 2488 1086 2528 ea
1108 2471 1207 2530 omnia
1223 2474 1341 2528 veteres

211 2575 323 2646 poetas
344 2570 373 2630 in
398 2572 471 2649 ipsis
491 2590 686 2648 personarum
708 2573 894 2633 sermonibus
909 2572 1069 2632 indicasse.
1098 2572 1189 2632 Tales
1208 2571 1342 2632 actiones

211 2671 282 2732 sive
306 2672 501 2735 condiciones
523 2676 590 2735 unis
611 2676 712 2752 pueris
735 2676 949 2736 convenientes
972 2678 1044 2734 sunt
1066 2693 1090 2734 e.
1105 2695 1134 2752 g.
1157 2674 1225 2734 bae:

258 2792 305 2851 ni.
322 2792 397 2852 545:
532 2778 597 2872 αἶρ’
613 2778 719 2853 αὐτὸν
742 2783 814 2870 αἶρε
837 2788 948 2872 δεῦρο.

259 2895 383 2955 Heracl.
399 2893 511 2970 47l48:
536 2882 739 2974 λαμβάνεοθ’
754 2890 846 2974 ἐμῶν
866 2890 1016 2955 πέπλων.

258 2998 350 3057 Herc.
367 3002 420 3059 70:
531 3029 581 3075 -,
603 2987 662 3070 οὓς
684 2982 753 3058 ὑπὸ
775 3005 912 3076 πτεροῖς

531 3091 627 3175 σώζω
649 3092 810 3172 νεοσσούς
831 3098 904 3159 κτλ.

210 3218 312 3279 Multa
339 3220 447 3279 similia
474 3238 595 3295 possum
620 3222 735 3281 afferre.
780 3221 995 3296 cognoscimus
1017 3219 1087 3280 inde
1114 3224 1219 3296 poetas
1242 3221 1271 3278 in
1295 3220 1341 3279 bis

209 3339 379 3398 puerorum
413 3322 561 3399 partibus,
596 3330 629 3382 ut
659 3323 779 3383 omnino
810 3325 840 3381 in
870 3323 986 3382 scaenis
1016 3321 1245 3400 componendis,
1280 3341 1339 3382 uon

210 3424 310 3500 magis
334 3424 428 3484 verba
451 3429 602 3502 spectasse
625 3443 714 3502 qnam
737 3426 881 3501 imagines
904 3429 973 3485 ante
997 3425 1101 3485 oculos
1124 3423 1277 3484 habuisse:
1308 3423 1339 3482 id

211 3527 294 3586 enim
329 3527 417 3587 nobis
451 3527 621 3587 recentibus
654 3545 773 3605 semper
805 3526 966 3587 tenendum
1001 3532 1059 3597 est,
1093 3545 1184 3603 agere
1217 3543 1272 3585 nos
1303 3526 1341 3586 de

209 3628 459 3704 spectaculis,
481 3647 558 3703 quae
582 3630 685 3706 quanti
709 3629 821 3689 luerint
843 3635 965 3707 praeter
981 3629 1074 3689 verba
1090 3630 1218 3705 prolata,
1239 3629 1337 3705 ipsum

210 3728 328 3789 iudicat
351 3748 457 3789 nomen
481 3719 640 3807 θεάτρου.
675 3731 778 3807 ltaque
800 3733 920 3791 omnino
940 3750 998 3791 nou
1016 3730 1174 3791 credemus
1197 3729 1338 3800 Graecos,

210 3835 247 3890 ut
269 3836 358 3891 erant
379 3831 558 3907 imaginibus
582 3833 658 3891 bene
688 3834 862 3909 compositis
889 3832 1067 3909 aspiciendis
1098 3833 1225 3908 assueti,
1254 3837 1339 3892 tanta

209 3932 363 3994 tolerasse
387 3939 530 3993 monstra:
559 3934 677 3995 adultos
700 3953 754 4011 pro
778 3936 963 4012 pusionibus,
986 3936 1073 3994 etiam
1098 3935 1208 4012 quibus
1231 3952 1338 3994 canen·

209 4033 284 4095 dnm
308 4034 410 4112 luerit,
432 4040 565 4113 egentes.

299 4153 360 4214 Sed
390 4156 541 4231 quoniam,
575 4157 678 4232 quanti
707 4157 847 4217 momenti
878 4162 1034 4234 poetarum
1057 4155 1151 4216 verba
1178 4158 1278 4216 esseut
1300 4155 1337 4215 ad

210 4256 445 4333 cognoscendas
478 4258 612 4317 actiones
645 4262 798 4335 totamque
836 4276 1012 4319 scaenarum
1047 4259 1204 4334 imaginem
1239 4259 1337 4318 animo

209 4356 490 4435 redintegrandam,
513 4358 719 4438 intelleximus,
741 4361 829 4419 etiam
852 4360 996 4420 intentius
1019 4377 1072 4419 eos
1087 4360 1179 4435 locos,
1201 4359 1339 4437 quisunt
