3104 5198
209 405 272 462 230

208 572 333 633 alicuius
363 592 465 633 errore
488 573 601 633 Aethra
628 594 694 634 cum
719 575 811 634 choro
835 574 1008 652 colloquens
1031 572 1166 632 traditur.
1209 571 1269 633 Sed
1297 588 1339 629 ne

207 677 357 736 Adrastus
388 676 523 753 quidem,
552 677 601 752 qui
633 678 662 736 iu
694 696 803 736 scaeua
832 676 932 752 adest,
963 677 1032 736 bule
1062 676 1185 734 carmini
1216 673 1339 734 admitti

209 785 315 856 potest.
363 781 439 839 Nam
472 779 630 855 quominus
660 799 711 838 cas
741 784 857 856 parles,
886 798 965 855 quae
995 781 1024 838 in
1054 779 1170 838 Wilam.
1199 777 1340 837 editione

205 864 304 958 Ἡμιχ.
320 899 341 939 α
363 882 530 960 signantur,
552 882 578 941 ci
601 882 774 952 tribuamus,
797 882 957 958 probibent
978 900 1026 941 vr.
1043 885 1181 942 066-7:
1202 864 1267 939 τίν’
1296 864 1341 935 ἂν

209 972 312 1059 λόγον
334 973 487 1055 τάλαινα,
511 968 574 1041 τίν’
598 969 640 1042 ἂν
661 969 763 1042 τῶνδ’
786 976 875 1041 αἰτία
899 975 1049 1061 λάβοιμι;
1072 987 1143 1059 quia
1165 983 1338 1042 feminam

209 1085 374 1162 requirunt.
430 1085 460 1144 Si
493 1094 591 1146 autern
626 1086 737 1146 alteras
770 1093 872 1163 partes
902 1080 1008 1163 (Ἡμιχ.
1033 1082 1066 1158 β)
1100 1087 1125 1144 ei
1161 1086 1340 1158 tribuamus,

209 1187 289 1264 quod
322 1207 376 1264 per
405 1207 437 1249 se
461 1197 506 1248 cst
528 1190 592 1248 veri
617 1188 771 1265 dissimile,
802 1190 872 1265 qula
895 1194 955 1247 tum
980 1189 1160 1265 colloquium
1185 1187 1340 1259 turbatur,

209 1298 319 1350 matres
341 1309 374 1350 se
396 1293 478 1368 ipsae
501 1292 665 1368 appellent:
690 1270 718 1349 ὦ
739 1285 853 1368 μέλεαι
867 1284 997 1368 μελέων
1011 1285 1149 1368 ματέρες
1165 1284 1339 1366 λοχαγῶνε

209 1394 289 1469 quod
323 1392 387 1453 lieri
421 1411 509 1470 posse
542 1412 618 1469 nego
649 1393 811 1454 secundum
843 1393 1017 1453 sollemnem
1048 1393 1154 1453 Graeci
1186 1390 1339 1451 sermonis

210 1511 309 1554 usum:
340 1497 502 1573 requiritur
531 1497 608 1555 enim
633 1496 746 1572 primae
770 1514 917 1572 personae
940 1514 1119 1572 pronomen,
1149 1494 1231 1554 velut
1254 1494 1339 1554 273:

209 1584 356 1676 ὦμελέα
375 1586 448 1675 ιγαὸ,
477 1603 553 1660 922:
575 1589 642 1675 ἐγώ
664 1588 815 1657 τάλαινα.
860 1600 964 1675 ltaque
988 1600 1126 1675 quoniam
1151 1597 1338 1674 colloquium

209 1701 257 1759 hic
281 1702 358 1761 iuter
381 1701 457 1761 duas
480 1720 625 1778 personas
649 1700 709 1760 fieri
734 1701 777 1773 (iu
800 1701 1039 1778 primoquidem
1063 1702 1187 1777 stropha
1210 1706 1240 1760 et
1259 1701 1339 1758 auti·

209 1799 345 1882 stropho)
368 1804 433 1880 ipsa
454 1804 546 1864 verba
562 1804 725 1881 declarant,
747 1807 788 1865 ita
804 1804 933 1880 quidem,
955 1810 987 1863 ut
1008 1803 1101 1864 altera
1119 1791 1230 1881 (Ἡμιχ.
1248 1803 1283 1874 α)
1304 1806 1340 1860 ut

210 1906 312 1966 timida
328 1912 357 1966 et
372 1907 469 1978 anxia,
490 1908 584 1966 altera
599 1890 706 1984 (Ἡμιχ.
723 1905 755 1979 β)
772 1911 805 1966 ut
820 1925 926 1966 secura
942 1907 1035 1982 magis
1051 1911 1081 1965 et
1096 1904 1223 1965 fiduciae
1241 1906 1337 1981 plena

210 2008 405 2086 depingatur,
431 2010 488 2069 iam
512 2010 585 2069 uilril
607 2015 710 2080 restat,
735 2009 789 2069 nisi
813 2013 844 2069 ut
866 2008 1049 2068 bemichoria
1071 2009 1100 2067 in
1125 2008 1180 2066 lroc
1204 2007 1340 2066 carmine

210 2112 334 2172 vocibus
363 2113 512 2171 alternare
542 2117 720 2183 statuamus,
751 2131 850 2189 neque
880 2113 957 2171 euim
981 2113 1117 2171 norimus
1139 2111 1224 2169 aliam
1249 2109 1339 2169 clrori

211 2216 240 2273 in
270 2214 346 2274 duas
376 2219 477 2291 partes
507 2214 661 2273 dividendi
692 2216 847 2274 rationem.
891 2214 952 2273 Iaru
983 2214 1007 2273 si
1040 2214 1164 2290 primunr
1196 2214 1341 2289 ponimus

211 2322 346 2376 matres
360 2323 452 2393 atquc
467 2317 622 2376 famulas
638 2318 805 2390 curatione
818 2316 961 2375 discerni:
978 2324 1011 2375 ut
1022 2315 1146 2375 famulas
1159 2333 1340 2391 repraesen-

210 2420 265 2478 tari
289 2424 425 2496 putemus
441 2419 622 2479 lremiclrorio
637 2436 668 2489 α,
693 2419 756 2478 lieri
780 2438 838 2479 non
862 2423 962 2495 potest
984 2424 1108 2495 propter
1130 2435 1177 2475 vv.
1194 2421 1254 2478 606
1264 2422 1341 2477 -8:

209 2507 273 2579 τίν’
288 2507 331 2578 dv
346 2511 458 2598 λόγον,
478 2511 630 2593 τάλαινα,
646 2506 711 2579 τίν’
728 2508 769 2579 ἂν
785 2506 888 2580 τῶνδ’
903 2515 994 2580 alric
1009 2511 1158 2597 λάβοιμι;
1181 2539 1258 2596 qurac
1275 2538 1341 2578 non

211 2624 394 2683 conveniunt
425 2625 480 2683 uisi
504 2624 660 2684 matribus:
690 2625 727 2684 ab
757 2624 793 2684 iis
815 2625 893 2683 euim
918 2625 985 2684 uuis
1007 2643 1107 2684 earum
1132 2642 1232 2682 rerum
1258 2623 1341 2683 ratio

213 2731 310 2803 potest
339 2728 465 2802 reposci.
511 2730 550 2786 At
573 2745 610 2786 ne
633 2727 755 2787 alterius
777 2726 895 2803 quidem
920 2726 1092 2786 hemiclrorii
1115 2731 1216 2803 partes
1240 2726 1342 2785 famu·

212 2828 296 2888 labus
319 2829 428 2888 ascribi
452 2834 592 2906 possunt:
620 2830 662 2890 ita
684 2831 761 2889 enim
785 2835 894 2889 matres
916 2849 948 2890 se
970 2830 1054 2907 ipsae
1077 2830 1280 2906 appellarent:
1312 2808 1344 2886 ὦ

209 2924 323 3007 μέλεαι
355 2925 484 3007 μελέων
515 2925 653 3009 ματέρες
687 2927 854 3008 λοχαγῶν,
888 2932 967 3009 quod
999 2932 1114 2992 admitti
1150 2952 1209 2992 nou
1244 2950 1344 3009 posse

210 3052 301 3110 supra
332 3033 459 3093 ostendi.
504 3036 575 3093 llam
606 3040 704 3094 autern
728 3035 885 3105 rationem,
916 3040 949 3094 ut
971 3035 1096 3094 alterum
1121 3035 1342 3094 lrcmiclrorium

211 3138 337 3196 alterum
368 3137 515 3197 communi
537 3138 666 3196 omniurn
691 3136 900 3197 choreutarum
925 3138 1044 3197 nomine
1067 3138 1246 3214 appellaret,
1278 3137 1344 3196 usi·

211 3244 302 3300 latam
324 3240 425 3312 luisse,
448 3240 561 3300 iudicat
583 3239 735 3299 Troadum
760 3240 843 3301 locus
867 3240 914 3299 hic
937 3238 1011 3312 (165
1025 3238 1115 3316 sqq.):

465 3370 578 3453 μέλεαι
600 3365 740 3454 μόχθων
764 3366 1030 3452 ἐπακουσόμεναι

472 3469 622 3557 Τρῳάδες
645 3470 709 3553 ἔξω
731 3471 908 3556 κομίσασθ’
931 3470 1045 3536 οἴκων.

212 3620 317 3694 ltaque
348 3618 518 3677 necessario
550 3617 579 3676 iu
611 3618 667 3678 lroc
699 3618 830 3677 carmine
858 3620 967 3676 matres
990 3635 1055 3675 cum
1081 3615 1223 3675 matribus
1246 3616 1343 3674 collo-

212 3728 359 3798 quuutur;
383 3741 449 3780 nam
473 3723 501 3780 in
526 3722 621 3781 altera
645 3727 742 3797 parte,
765 3739 843 3797 quae
867 3727 896 3780 et
918 3721 983 3796 ipsa
1005 3720 1131 3797 praebet
1154 3719 1339 3795 colloquium

212 3825 290 3883 inter
312 3823 389 3883 duas
412 3842 563 3899 personas,
586 3823 710 3882 eandem
734 3823 879 3883 rationem
904 3824 1010 3882 merito
1033 3841 1186 3899 ponemus.
1229 3823 1341 3881 Famu-

213 3927 308 3985 larum
339 3925 440 3985 cantui
470 3927 498 3984 in
531 3926 587 3985 hoc
614 3927 745 3985 carmine
773 3925 857 3984 locus
880 3933 925 3984 est
947 3926 1061 4002 uullus,
1090 3943 1165 4001 (luas
1188 3943 1226 3983 nc
1249 3923 1342 3983 decet

212 4028 333 4105 quidem
357 4030 398 4087 ita
420 4046 485 4087 cum
511 4028 652 4087 matribus
675 4027 815 4104 colloqui,
838 4028 923 4101 quasi
946 4027 1001 4086 sibi
1025 4034 1125 4087 esseut
1147 4044 1244 4104 pares.
1291 4027 1339 4085 lu·

213 4131 294 4191 dicat
317 4133 381 4208 ipsc
404 4129 576 4207 Euripides,
608 4129 680 4206 quid
705 4129 810 4188 deceat
833 4129 972 4204 famulas,
996 4148 1062 4189 cum
1086 4129 1181 4205 primo
1205 4129 1341 4188 carmine

214 4253 264 4294 eas
288 4253 347 4293 nou
371 4234 492 4293 iusserit
514 4242 640 4292 matrum
665 4234 805 4309 precibus
824 4233 972 4307 assentiri,
995 4230 1046 4290 sed
1070 4232 1209 4290 tribuerit
1224 4232 1260 4289 iis
1276 4250 1339 4290 non

214 4336 270 4397 uisi
304 4338 396 4397 breve
430 4354 564 4411 carmen,
598 4354 657 4413 quo
687 4335 798 4394 luctum
828 4336 1031 4413 exprimerent
1061 4352 1131 4394 vere
1161 4334 1260 4395 servili
1294 4335 1339 4393 iu·
