3104 5198
220 396 281 454 244

219 552 363 638 δύσθεος
383 584 493 649 marito
511 557 649 649 Ἀτρεὺς,
672 592 754 651 προ·
809 563 934 653 ἄκρων,
956 568 1189 659 ἐμφορηθέντα
1207 572 1243 638 δὲ
1260 568 1352 636 dclx·

218 658 337 744 θύμος
348 668 479 747 μᾶλλον
492 661 512 753 ἢ
525 671 640 766 ottae,
652 673 753 754 πατρὶ
808 693 883 738 νοσι
906 669 947 737 τὰ
969 668 1055 757 ἄκρα
1079 679 1134 739 καὶ
1156 679 1214 762 τῆς
1231 668 1355 758 χώρας

218 755 329 849 τῴμῴ,
343 772 535 852 κρεούργον
550 768 637 854 ἡμαρ
653 764 754 839 εὐθύ·
776 775 778 851 i
806 766 912 840 αὐτὸν
935 772 1098 857 ἐκβάλλει.

216 889 286 950 μσς
322 861 414 953 ἄγειν
450 871 579 952 δοκῶν,
611 864 779 969 παρέσχεδ

219 971 316 1035 δαῖτα
336 974 500 1038 παιδείων
522 979 641 1059 κρεῶν.
662 987 695 1052 †
714 972 756 1044 τὰ

215 1072 277 1155 μὲν
307 1070 440 1161 ποδήρη
470 1077 526 1140 καὶ
557 1082 668 1162 χερῶν
701 1074 779 1145 ‹ix-¹

216 1168 298 1258 ρούς
318 1178 439 1255 κτένας
458 1187 491 1252 l·
512 1174 655 1263 idpnnr'
670 1175 755 1247 ἄνον-
776 1218 779 1255 ;

216 1283 280 1343 dev
338 1273 506 1363 ἀνδρακὰς
565 1281 778 1371 καθήμενοςῇ

217 1372 373 1466 ἄσημ’·ἱδ
412 1375 441 1448 δ’
487 1378 604 1450 αὐτῶν
647 1380 778 1469 arirlx',

215 1473 335 1571 ἀγνοίᾳ
371 1480 486 1565 λαβών
521 1485 614 1554 ἔσθει
649 1488 756 1572 βορὰν

216 1581 351 1654 ἄσωτον
372 1593 443 1653 κτλ.
776 1594 779 1677 l

301 1697 470 1757 Mirandum
505 1720 562 1759 non
594 1708 654 1773 cst,
686 1723 744 1761 non
769 1705 883 1775 omnia,
914 1724 992 1782 quae
1020 1706 1098 1783 cpud
1123 1704 1354 1783 Apollodorum

215 1806 394 1875 narrantur,
427 1803 456 1860 in
490 1802 654 1879 Euripideo
687 1825 807 1881 quoque
843 1809 959 1867 cuntico
993 1827 1166 1885 occurrere,
1200 1807 1356 1884 quonism

215 1909 304 1979 pocla
332 1921 387 1979 pro
422 1904 504 1964 chori
539 1907 656 1966 sublimi
690 1907 809 1968 dicendi
843 1910 959 1969 ratione
993 1931 1040 1970 rcs
1073 1913 1262 1971 subobscure
1299 1909 1356 1967 ab·

214 2011 363 2082 ruptoque
387 2008 510 2084 profert.
555 2011 659 2085 ltaque
682 2010 712 2069 iu
736 2011 820 2071 initio
844 2013 1027 2088 potissimum
1049 2014 1109 2073 noli
1126 2012 1358 2090 discrepantias

212 2115 355 2169 statuere.
415 2111 561 2170 Nimirum
602 2113 788 2189 Epitomator
827 2115 986 2175 Vaticanus
1028 2118 1183 2194 pristinam
1223 2113 1358 2174 fabulae

212 2211 337 2270 formam
361 2215 457 2287 affert,
480 2215 647 2273 secuudum
668 2236 755 2291 «luam
774 2219 866 2276 totius
883 2217 998 2277 discidii
1015 2220 1098 2294 origo
1115 2218 1151 2278 ad
1169 2212 1356 2294 neglectum

212 2316 296 2375 Atrei
321 2321 440 2392 votum,
470 2317 548 2393 quod
575 2318 690 2377 Diannc
723 2319 849 2396 lecerat,
879 2319 1105 2391 roler·cbulur.¹)
1157 2320 1249 2395 Quod
1276 2335 1359 2377 vero

213 2418 373 2495 Euripides
401 2419 438 2478 dc
462 2424 531 2479 voto
554 2420 606 2480 illo
630 2422 750 2480 omnino
782 2429 879 2496 tacet,
908 2423 978 2483 inde
1008 2442 1073 2483 eum
1105 2424 1192 2482 aliam
1217 2422 1357 2481 formam

211 2521 361 2597 respicere
407 2522 506 2596 colligi
553 2524 666 2598 nequit.
736 2523 828 2583 Simili
872 2525 1018 2585 brevitate
1062 2533 1164 2602 postea
1207 2520 1359 2582 miraculi

211 2623 294 2682 illius
316 2623 448 2682 rationes
472 2642 598 2700 prorsus
622 2626 747 2698 omittit,
770 2645 836 2684 cum
863 2626 935 2685 nillil
959 2627 1039 2686 dicet
1062 2627 1098 2685 de
1122 2627 1172 2685 illa
1196 2624 1363 2702 pactione,

211 2745 300 2802 quam
325 2727 459 2803 luppiter
482 2727 607 2786 Atreum
633 2745 700 2786 cum
724 2729 859 2805 Thyesta
884 2728 983 2788 iacere
1006 2731 1143 2788 iusserat.
1188 2730 1290 2787 lmmo
1318 2742 1361 2782 cx

210 2829 255 2888 eis
286 2829 400 2899 verbis,
435 2829 544 2905 quibus
575 2848 684 2905 agnum
715 2849 841 2889 aureum
872 2831 1030 2890 advenisse
1061 2831 1133 2891 dicit
1162 2827 1362 2902 (Πᾶνα...

208 2924 353 3007 χρυσέαν
374 2917 460 3008 ἄρνα
476 2976 483 2991 .
499 2975 506 2991 .
522 2975 529 2991 .
544 2928 731 3008 πορεῦσαι),
754 2940 859 3011 patero
883 2935 954 2992 milri
977 2933 1103 3010 videtur,
1126 2952 1193 2992 eum
1219 2929 1362 2991 similem

210 3042 300 3109 atquc
334 3035 560 3110 epitomatorem
596 3034 729 3094 labnlam
765 3037 794 3093 iu
830 3042 929 3095 mente
964 3037 1113 3096 habuisse.
1176 3037 1210 3094 ln
1249 3033 1366 3110 prisca

210 3138 288 3196 enim
324 3136 426 3196 sabula
460 3137 643 3196 narrabatur
687 3157 798 3214 agnum
843 3139 1097 3214 nescioquomodo
1131 3137 1234 3198 subito
1272 3136 1366 3194 inter

209 3259 320 3315 pecora
343 3241 429 3300 Atrei
461 3240 637 3316 apparuisse
670 3223 784 3316 (ἀρνὸς
816 3235 998 3319 φανείσης).
1047 3241 1129 3300 ldem
1161 3248 1247 3300 certe
1282 3237 1368 3296 dicit

208 3342 384 3418 Euripides,
408 3342 557 3419 siquidem
584 3343 724 3413 rannus,
749 3342 824 3401 deus
849 3361 1008 3418 pecorum,
1031 3343 1218 3403 sollemniter
1243 3341 1366 3400 talium

208 3464 308 3505 rernm
341 3449 448 3506 arrclor
480 3445 654 3522 putubatur.
699 3446 799 3504 Aliter
824 3451 944 3504 constat
966 3463 1027 3503 rem
1053 3450 1202 3505 narratam
1229 3462 1302 3503 esse
1330 3441 1365 3500 in

207 3549 376 3608 recentiore
400 3549 502 3607 t'allnla
529 3548 623 3624 (quae
646 3549 735 3607 ctiam
760 3547 789 3606 in
817 3547 1011 3607 Alcmeonide
1044 3544 1253 3618 occurrebat),
1279 3563 1329 3604 sc.
1347 3561 1369 3602 a

208 3653 357 3711 Mercurio
380 3671 491 3727 agnum
514 3653 636 3710 missum
654 3668 728 3710 esse.
774 3651 847 3708 Earn
866 3650 990 3709 formam
1008 3649 1167 3727 Euripides
1183 3651 1212 3709 in
1232 3647 1368 3708 Orestis

207 3754 327 3814 chorico
361 3749 523 3830 (995sqq.)
559 3755 713 3829 sequitur,
757 3751 806 3810 nbi
848 3752 925 3811 aliae
966 3770 1087 3828 (proque
1127 3750 1369 3827 discrepantiae

207 3866 385 3928 occurrunt,
417 3875 496 3933 quae
524 3855 606 3915 lrand
631 3857 694 3914 scio
718 3874 756 3913 au
784 3861 868 3913 recte
892 3852 987 3911 eidem
1011 3854 1128 3912 auctori
1150 3850 1369 3912 ascribendae

206 3957 307 4031 sinti)
351 3958 411 4018 Sed
435 3962 502 4017 utut
526 3958 584 4017 lroc
608 3963 663 4033 est,
687 3975 742 4032 pro
766 3961 851 4014 certo
875 3954 989 4030 accipio
1006 3954 1189 4031 Euripidese
1207 3954 1368 4013 Electrae

205 4078 409 4085 ——-....—-.

293 4126 313 4190 ¹)
332 4122 374 4178 Cf.
394 4122 447 4177 Th.
459 4122 561 4191 Vnigt,
580 4122 622 4175 De
642 4120 722 4174 Atrei
747 4126 776 4173 et
794 4117 940 4187 Thyestae
959 4114 1064 4183 subula,
1084 4116 1238 4173 dissertatt.
1256 4114 1366 4184 philol.

207 4208 266 4261 Hal·
279 4209 521 4362 {induxerim
541 4293 595 4347 hnc
614 4290 793 4359 potissimum
812 4292 858 4342 est
876 4287 903 4339 in
922 4286 969 4340 illo
988 4287 1107 4352 cantico,
1125 4288 1200 4355 qnod
1219 4287 1369 4354 Aeropae

207 4377 368 4435 adulterium
393 4384 460 4451 post
484 4393 582 4435 cenam
601 4375 746 4447 Thyestae
771 4372 885 4427 demum
905 4374 1038 4425 narratur.
1074 4370 1154 4437 Quod
1172 4371 1227 4424 nisi
1247 4377 1370 4426 temeto
