3104 5198
214 466 277 527 254

213 637 321 714 goediu
351 640 417 696 ortu
446 630 500 713 sit,
531 636 641 696 iudicia
672 638 851 713 quaerimus,
877 638 1021 716 primum,
1050 640 1074 700 si
1105 641 1271 700 Thrscium
1300 638 1344 698 t's·

214 739 301 799 bulso
325 740 452 799 colorem
477 739 659 816 respicimus,
691 740 869 801 mouendum
901 747 947 802 est
969 743 1198 803 Atheniensium
1224 743 1343 803 suimus

213 858 292 900 anuo
324 841 442 900 circiter
470 843 541 914 436,
575 858 616 900 sc.
639 859 699 916 quo
731 841 930 918 Amphipolim
962 842 1145 919 condebant,
1179 842 1217 902 sd
1243 842 1343 902 Thro-

214 945 287 1002 cium
323 943 450 1002 maxims
483 961 645 1003 couversos
685 941 785 1002 fuisse.
841 943 1024 1005 Commercio
1062 946 1139 1005 euim
1177 963 1245 1006 cum
1279 946 1342 1005 illis

213 1045 285 1104 locis
303 1052 368 1106 orto
384 1049 490 1122 gentes
505 1046 571 1106 illas
586 1045 836 1122 septentrionales
856 1064 1017 1123 eurumque
1034 1065 1131 1108 mores
1147 1047 1230 1126 apud
1247 1048 1342 1108 Athe·

213 1148 331 1208 cieuses
347 1166 408 1208 uon
425 1149 519 1208 solum
535 1149 710 1217 innotuisse,
734 1147 785 1207 sed
801 1149 888 1207 etium
905 1151 1000 1225 magis
1016 1154 1170 1228 respectus
1186 1169 1253 1212 esse
1268 1169 1341 1211 cou-

212 1256 387 1311 sentaneum
423 1257 476 1312 est.
520 1252 625 1329 ltaque
658 1250 738 1310 haud
773 1250 834 1310 scio
868 1269 906 1309 uu
942 1252 1106 1328 Sophocles
1140 1272 1272 1331 quoque,
1307 1259 1341 1313 ut

213 1354 341 1414 Tereum
366 1354 519 1425 scriberet,
541 1353 600 1413 illis
622 1353 712 1413 rebus
735 1359 900 1413 commotus
923 1355 971 1430 sit,
993 1356 1168 1431 praesertim
1190 1356 1341 1432 cumipse

212 1457 326 1534 primus
358 1476 421 1517 eam
453 1457 605 1517 materiem
637 1454 846 1527 tractaverit¹l
892 1457 973 1533 Ergo
1003 1458 1106 1536 paullo
1136 1462 1204 1534 post
1231 1477 1259 1519 s.
1274 1460 1340 1527 436

216 1561 344 1620 Tereum
377 1559 493 1620 doctum
525 1577 592 1620 esse
622 1560 686 1618 iure
718 1564 892 1618 statuemus.
936 1560 1062 1619 Accedit
1092 1561 1221 1620 ultorum
1250 1579 1339 1638 argu·

213 1667 355 1723 mentum.
390 1664 515 1739 Respice
535 1680 655 1739 quaeso,
678 1666 790 1739 quauta
806 1660 884 1720 iuter
901 1661 978 1720 huuc
993 1662 1139 1721 Procusm
1156 1666 1186 1722 et
1201 1663 1338 1723 Medeam

211 1765 404 1844 Euripideum
435 1764 599 1825 intercedat
628 1763 799 1823 similitudo.
843 1765 950 1839 Neque
981 1766 1058 1824 euim
1092 1764 1185 1825 solum
1209 1770 1340 1841 utruque

211 1887 296 1928 suum
321 1868 424 1938 filium,
448 1873 481 1926 ut
503 1866 641 1943 coniugis
663 1867 788 1927 iniurias
812 1865 985 1943 ulciscatur,
1008 1866 1156 1942 interficit,
1178 1867 1232 1927 sed
1256 1870 1340 1926 utro·

210 1971 299 2047 bique
322 1970 427 2030 mulier
449 1970 586 2046 queritur
609 1968 759 2028 crudelem
784 1986 866 2027 sirum
891 1973 1016 2041 sortem,
1049 1987 1126 2046 quue
1149 1987 1215 2028 cum
1239 1970 1340 2030 suevis

212 2073 394 2150 incultisque
417 2072 491 2131 viris
514 2076 640 2149 cogatur
662 2073 752 2130 vitum
782 2071 892 2148 degere
915 2089 952 2129 cx
975 2071 1072 2148 patria
1094 2072 1123 2130 iu
1147 2071 1246 2131 aliens
1269 2071 1339 2131 locs

212 2177 347 2255 abrepta.
391 2175 435 2236 cf.
458 2173 547 2251 Soph.
565 2174 598 2234 lr.
615 2178 677 2235 524
701 2178 749 2243 (ex
773 2170 898 2244 Tereoi:

365 2292 431 2354 νῦν
455 2288 484 2352 δ’
500 2279 600 2353 οὐδέν
624 2287 687 2371 εἰμι
707 2287 824 2372 χωρίς·
849 2280 937 2351 ἀλλὰ
958 2280 1124 2363 πολλάκις

366 2388 490 2474 ἔβλεψα
511 2385 620 2472 ταύτῃ
642 2386 704 2477 τὴν
727 2390 922 2474 γυναικείαν
944 2385 1055 2470 φύσιν,

366 2494 411 2570 ὡς
435 2485 537 2559 οὐδέν
560 2492 666 2576 ἔσμεν.
700 2497 733 2556 αλ
756 2493 828 2557 νέαι
850 2492 912 2575 μὲν
934 2490 971 2554 ἐν
992 2486 1120 2575 πατρὸς

363 2590 513 2681 ἥδιστον,
537 2590 637 2680 οἶμαι,
661 2599 769 2679 ζῶμεν
792 2586 991 2676 ἀνθρώπων
1014 2595 1107 2672 βίον·

364 2701 518 2783 τερπνῶς
541 2690 604 2782 γὰρ
628 2690 678 2763 ἀεὶ
700 2698 824 2775 παῖδας
846 2690 945 2761 ἁνολα
968 2695 1090 2779 τρέφει.

365 2793 449 2867 ὅταν
472 2794 501 2867 ‹i'
518 2801 551 2880 ἐς
572 2793 655 2888 ἥβην
677 2791 856 2884 ἐξικώμιβ’
872 2795 1044 2882 ἔμφρονες,

367 2895 543 2989 ὠθούμεθ’
559 2901 625 2985 ἔξω
647 2904 703 2967 καὶ
727 2898 985 2987 διεμπολώμεθα

363 3011 459 3074 θεῶν
480 3003 652 3092 πατρῴων
674 3008 746 3070 τῶν
767 3030 803 3071 τε
827 3001 1009 3087 ceorlorum>
1034 2997 1112 3081 ἄπο,

365 3110 398 3175 αἱ
420 3111 480 3195 μὲν
502 3112 621 3192 ξένους
642 3102 728 3192 πρὸς
751 3101 884 3194 ἄνδρας,
907 3105 941 3172 αἱ
964 3107 999 3172 di·
1023 3100 1221 3188 βαρβάρους,

363 3212 397 3277 al
421 3205 450 3278 δ’
465 3213 510 3290 εἰς
533 3204 646 3297 ἀληθῆ
670 3204 811 3295 δώμαθ’,
835 3209 868 3276 ul
891 3201 921 3275 δ’
936 3208 1112 3294 ἐπίρροθα.

363 3317 420 3380 καὶ
442 3307 546 3395 ταῦτ’,
570 3312 707 3380 ἐπειδὰν
730 3308 879 3399 εὐφρόνη
903 3308 1002 3396 ζεύξῃ
1023 3312 1091 3395 μία,

361 3411 470 3502 χρεών
493 3415 644 3482 ἐπαινεῖν
666 3417 720 3480 καὶ
746 3417 859 3481 δοκεῖν
882 3417 996 3491 καλῶς
1018 3410 1112 3496 ἔχειν.

210 3547 318 3606 Nouuc
340 3544 532 3622 Euripideum
563 3544 649 3603 uobis
673 3543 807 3602 videmur
836 3541 940 3601 erudire
972 3540 1146 3600 mulierem?
1190 3540 1262 3600 Cum
1287 3539 1333 3599 his

211 3648 349 3708 conseres
372 3647 543 3723 praecipue,
565 3664 642 3722 quae
659 3644 764 3704 Medea
787 3645 921 3720 loquitur
936 3643 1016 3718 apud
1034 3643 1104 3701 Eur.
1120 3660 1146 3700 a.
1162 3660 1188 3700 v.
1205 3644 1275 3703 230.
1291 3672 1334 3682 —-

211 3751 322 3811 Contra
353 3753 456 3826 aperte
487 3753 695 3825 argumentum
719 3746 900 3823 Euripideae
922 3746 1075 3821 Thyestae
1099 3746 1127 3803 iu
1152 3745 1208 3804 lrac
1230 3745 1333 3804 fabula

210 3856 367 3912 tractatum
392 3856 450 3927 est;
476 3849 562 3909 ambo
586 3853 684 3909 autem
708 3854 892 3925 arguments,
916 3849 964 3907 hic
980 3851 1062 3906 arcte
1079 3865 1202 3922 conexa,
1223 3847 1254 3907 iu
1271 3853 1331 3908 tue·

209 3956 329 4015 triorem
360 3957 472 4032 partem
504 3955 592 4012 suctu
622 3957 706 4030 suut,
740 3952 782 4011 ita
813 3956 847 4010 ut
877 3970 932 4028 ego
963 3950 1099 4009 dubitare
1123 3949 1332 4021 visandeim,

209 4057 281 4133 quin
316 4057 366 4116 ills
396 4055 455 4116 siut
482 4056 598 4132 priora,
630 4054 706 4114 haec
729 4054 831 4114 fabula
862 4054 1019 4131 posterior.
1063 4054 1142 4112 Ante
1169 4053 1332 4113 Herculem

295 4271 316 4341 ¹)
334 4269 368 4325 cl.
386 4273 443 4324 sot..
462 4286 489 4338 p.
501 4273 559 4323 252.
594 4269 636 4323 Dc
654 4268 770 4323 Thracia
789 4266 937 4335 Sophoclei
955 4266 1038 4321 Terei
1062 4266 1167 4335 indole,
1192 4282 1253 4320 cum
1277 4267 1331 4335 pri·

208 4356 290 4412 mitus
308 4356 389 4411 suerit
407 4355 587 4424 llcgsreusis,
605 4353 639 4409 cf.
658 4354 745 4409 Hiller
762 4354 797 4408 dc
815 4352 1007 4422 Guertringeu,
1025 4352 1060 4408 de
1078 4351 1207 4408 (irascor.
1220 4351 1276 4407 fab.
1294 4353 1331 4406 ud

208 4441 304 4498 Thrac.
316 4440 416 4510 portin.
433 4439 613 4509 Berol.188t,
630 4455 657 4508 p.
668 4444 700 4493 35
711 4454 775 4508 sqq.
