3104 5198
1272 427 1333 485 246

212 599 359 658 cauticum
384 604 413 659 et
437 601 635 659 narrationem
660 599 817 675 Epitomae
834 597 996 658 Vaticanas
1018 596 1144 657 eandem
1167 597 1334 674 exprimere

212 702 331 761 iebniae
366 702 497 761 sormam.
558 701 639 761 Idem
675 704 756 761 valet
789 701 825 761 de
859 701 1028 778 Aeschylea
1062 701 1234 759 narratione
1268 717 1333 758 cum

214 803 415 880 Apollodorea
453 811 634 881 comparata.
689 806 796 881 Neque
833 806 910 864 euim
950 805 979 863 iu
1020 822 1055 862 eo
1087 803 1202 862 haereti
1236 800 1335 879 debet,

212 907 292 982 quod
324 906 404 984 apud
432 907 647 983 Apollodorum
671 908 793 966 Atreum
825 926 880 985 per
910 907 1009 966 dolum
1041 906 1161 965 iratrcm
1193 905 1335 964 elicuisse

213 1010 355 1085 legimus,
384 1010 421 1069 de
445 1029 504 1086 que
528 1029 560 1069 re
583 1015 662 1070 tacet
685 1011 861 1087 Aeschylus.
905 1010 1068 1087 Aegisthus
1091 1010 1167 1069 enim
1191 1026 1333 1068 summam

213 1117 328 1171 tantum
366 1132 464 1172 rerum
499 1112 611 1190 tangit;
654 1113 756 1190 itaque
792 1113 957 1172 satishabet
991 1113 1114 1171 iniurias
1152 1110 1336 1188 supplicibus

214 1216 310 1274 illatas
334 1217 450 1286 afferre,
473 1233 532 1292 quo
556 1234 670 1275 somnio
693 1215 807 1275 sceiere
828 1215 913 1288 iilud,
937 1214 1018 1291 quod
1041 1214 1200 1273 amicitiam
1217 1214 1335 1272 simula·

215 1323 310 1392 verat,
326 1319 410 1394 quusi
427 1317 600 1378 involvitur.
644 1318 750 1394 ltaque
766 1337 803 1377 ex
819 1317 934 1377 vorbis:
957 1302 1211 1393 προστρόπαιος
1227 1305 1335 1385 ἑστίας

211 1410 327 1497 μολών
354 1410 459 1478 πάλιν
480 1422 643 1498 Thyestem
667 1426 774 1498 sponte
796 1420 919 1480 rediisse
942 1419 1082 1480 concludi
1106 1438 1195 1496 posse
1218 1416 1348 1495 nego.¹)'

215 1524 322 1581 Nonne
347 1533 578 1583 consentaneum
603 1529 662 1594 est,
686 1525 714 1581 iu
738 1524 824 1600 epico
851 1524 991 1597 carmine,
1019 1524 1103 1581 cuites
1127 1526 1334 1597 argumentum

213 1631 277 1685 erat
308 1627 397 1703 impia
427 1626 551 1685 iratrum
584 1625 635 1695 iis,
666 1630 818 1685 narratum
850 1625 958 1700 inisse,
985 1625 1149 1701 Thyestem
1179 1632 1336 1700 tantopere

213 1735 335 1805 propter
368 1730 508 1806 pristinas
539 1729 660 1788 iniurias
684 1728 768 1787 fratri
792 1727 944 1799 diffidere,
969 1733 1001 1787 ut
1023 1727 1145 1786 deorum
1170 1745 1202 1785 se
1225 1726 1336 1787 tutelae

213 1831 338 1890 credere
363 1832 468 1891 maliti
497 1833 541 1890 ita
563 1833 591 1890 in
617 1832 768 1908 Euripidis
790 1831 963 1890 Phoenissis
984 1824 1147 1907 (272sqq.)
1170 1831 1336 1905 Poiynices,

213 1935 326 1993 etiamsi
357 1917 577 2004 ὑπόσπονδος
608 1936 700 1993 intret
730 1934 848 2011 urbem,
877 1941 975 1994 tamen
1005 1935 1192 2011 turpissimas
1214 1933 1337 1992 iusidias

212 2039 266 2096 sibi
291 2039 389 2113 parari
414 2039 593 2113 suspicatur,
616 2056 682 2096 cerm
706 2031 853 2115 βωμίους
876 2026 1013 2113 ἐσχάρας
1036 2037 1184 2114 respiciat,
1207 2035 1337 2113 adquae

212 2141 375 2215 confugiat.
431 2141 495 2199 Hoc
532 2140 642 2200 veteris
674 2141 814 2199 carminis
852 2146 1059 2216 argumentum
1098 2141 1269 2199 etiamnunc
1306 2139 1335 2196 in

215 2242 355 2301 Vaticana
387 2243 558 2301 narratione
589 2241 802 2316 discernimus,
834 2260 893 2318 qua
915 2243 1040 2316 Atreus,
1063 2246 1219 2318 postquam
1243 2242 1336 2300 amice

213 2344 334 2404 fratrem
359 2344 556 2420 revocaverit,
579 2345 643 2404 eius
669 2344 777 2404 liberos
800 2345 952 2420 supplices
975 2345 1004 2403 in
1028 2363 1080 2402 ara
1098 2344 1177 2403 lovis
1200 2342 1337 2403 sedentes

214 2448 390 2507 mactavisse
414 2447 549 2508 traditur.
573 2478 614 2487 —
637 2447 722 2520 erae
738 2466 803 2506 curm
820 2449 860 2507 ita
876 2449 942 2523 siut,
966 2466 1021 2524 ego
1046 2466 1105 2506 non
1129 2447 1232 2506 dubito
1256 2447 1335 2506 illam

214 2549 445 2626 Apollodoreem
477 2551 676 2609 narrationem
701 2568 756 2627 pro
779 2550 902 2626 antiqua
926 2550 1066 2609 memoria
1089 2549 1215 2623 debere,
1238 2550 1337 2626 qualis

214 2653 342 2712 sortasse
371 2653 451 2728 apud
476 2653 679 2729 Pherecydem
711 2652 881 2729 legebatur,
914 2653 962 2711 cui
985 2653 1070 2711 etiam
1094 2649 1335 2726 Th.Voigtiue²)

214 2757 340 2830 priorem
372 2763 487 2833 partem
511 2756 671 2815 tribuiter
695 2756 874 2814 auctoritato
898 2755 989 2815 schol.
1013 2756 1082 2814 Eur.
1104 2754 1153 2815 Or.
1170 2759 1230 2816 997
1255 2756 1336 2813 ABi:

217 2847 405 2935 Φερεκύδης
428 2849 464 2915 dir
486 2842 527 2915 οὐ
550 2841 629 2915 καθ’
648 2841 769 2933 Ἑρμοῦ
790 2852 894 2934 μῆνίν
913 2869 990 2936 φησι
1008 2846 1069 2935 τὴν
1086 2845 1171 2933 ἄρνα
1187 2840 1336 2936 ὑποβλη-

214 2956 335 3038 θῆναι,
367 2943 439 3016 ἀλλ’
460 2942 686 3036 Ἀρτέμιδος.3)
730 2959 787 3020 Sed
816 2958 912 3018 eidem
936 2964 999 3018 tota
1022 2960 1153 3018 narratio
1178 2958 1337 3018 tribuenda

214 3062 284 3120 mihi
308 3061 442 3131 ridetur;
466 3080 532 3120 uam
557 3080 621 3121 eum
647 3064 765 3122 omniuo
790 3062 826 3121 de
850 3062 973 3122 iratrum
994 3061 1061 3120 rixa
1077 3069 1168 3136 atque
1184 3062 1337 3121 notissima

213 3162 263 3220 iiie
286 3181 360 3222 cena
375 3164 528 3240 Thyestae
551 3165 679 3224 tacuisse
700 3184 758 3225 non
776 3163 920 3224 credibile
937 3169 991 3236 est,
1014 3163 1159 3239 siquidem
1177 3183 1212 3224 ea
1227 3164 1336 3224 iamdiu

213 3264 249 3323 ab
273 3266 410 3325 omnihus
433 3265 606 3325 ferebantur
628 3255 682 3341 (τὰ
704 3256 864 3343 ἐπώνυμα
889 3259 1008 3324 δεῖπνα
1031 3259 1202 3338 Θυέστου).
1249 3265 1337 3340 Quod

212 3463 313 3517 iactum
331 3468 472 3531 putamus,
489 3463 530 3517 sio
548 3462 668 3519 fortasse
686 3464 877 3532 explicandum
896 3471 947 3531 est,
966 3470 997 3519 ut
1014 3480 1130 3533 poenam
1149 3464 1228 3520 Atrei
1246 3467 1272 3519 in
1291 3464 1337 3520 iiia

213 3549 382 3603 fabulando
409 3549 461 3602 iam
485 3548 636 3603 desiderari
663 3555 829 3616 statuemns;
856 3566 912 3604 non
941 3550 1012 3605 enim
1041 3556 1136 3606 votum
1164 3550 1335 3620 neglexerat;

213 3635 340 3702 Aeropae
360 3635 431 3689 enim
449 3634 610 3689 adulterium
630 3650 680 3703 pro
690 3634 767 3689 Atrei
785 3651 875 3703 poena
893 3636 920 3689 iu
938 3636 1053 3704 pristina
1071 3635 1163 3691 fabula
1180 3636 1335 3692 habendum

212 3726 263 3775 est.
299 3720 330 3774 In
348 3720 500 3776 recentiore
518 3726 609 3775 autem
628 3719 719 3775 fabula
731 3720 833 3776 Atreus
851 3727 917 3790 post
934 3737 1030 3777 cenam
1048 3721 1158 3777 demum
1177 3722 1274 3777 sceleri
1293 3728 1337 3777 est

212 3807 360 3862 obnoxius.

300 3895 320 3960 ¹)
339 3893 415 3957 Quae
442 3897 487 3947 est
516 3891 646 3947 Straussii
672 3891 823 3946 sententia:
856 3891 897 3946 De
923 3892 1027 3948 ratione
1054 3892 1126 3947 inter
1148 3892 1279 3948 Senecam
1308 3897 1337 3952 et

212 3978 338 4047 antiques
366 3976 473 4032 fabulas
496 3978 634 4032 Romanas
657 3977 862 4046 intercedente,
886 3977 995 4032 dissert.
1013 3978 1103 4047 inaug.
1122 3977 1247 4033 Rostoch
1264 3982 1336 4047 1887,
1360 4048 1362 4052 Ι

212 4080 237 4131 p.
255 4070 294 4130 el,
313 4081 339 4118 n.
356 4069 377 4118 l.

298 4152 320 4216 ²)
340 4151 369 4203 L.
382 4166 415 4213 c..
433 4166 458 4218 p.
473 4156 522 4205 40⁰
529 4165 590 4220 sqq.

297 4238 319 4302 ³)
339 4236 467 4304 Voigtius
479 4236 532 4289 iam
545 4236 615 4290 vidit
632 4239 671 4305 (p.
685 4238 755 4304 405),
774 4252 829 4291 nou
848 4237 967 4291 iratam
985 4236 1100 4290 Dianam
1118 4234 1334 4305 intellegendam

212 4335 290 4387 esse,
317 4320 367 4373 sed
390 4319 456 4373 nihii
482 4321 535 4375 nisi
553 4320 620 4376 hoc:
648 4321 763 4376 Dianam
786 4337 887 4392 agnum
911 4322 1034 4388 misisse,
1062 4322 1100 4376 ite
1123 4327 1154 4376 ut
1176 4322 1270 4391 potius
1288 4313 1336 4379 ὑπ’

207 4398 364 4473 ,Ἰρτέμιδος
382 4404 529 4475 legendum
547 4407 592 4461 sit.
