3104 5198
333 389 394 445 276

333 574 451 633 quoqne
474 561 504 615 et
525 556 685 616 comoediis
707 557 792 632 qnasi
815 560 964 617 certantes
986 555 1143 634 prodiisse,
1173 560 1206 616 nt
1228 573 1294 616 cum
1318 554 1461 615 omnibus

333 659 551 735 spectatoribus
567 663 628 718 tum
647 659 830 718 amatoribus
845 660 908 718 suis
926 678 985 719 non
1001 658 1096 719 solnm
1109 663 1238 718 venuste
1253 663 1387 734 agentes,
1402 655 1459 716 sed

334 761 422 820 etium
439 761 571 820 suaviter
587 766 729 821 canentes
744 759 935 837 placerent.¹)
969 763 1046 821 Nam
1069 765 1214 821 cantum
1237 760 1332 821 solum
1348 758 1458 835 tragici

334 860 384 934 (ex
407 863 515 939 quibus
538 873 650 923 certum
674 863 711 924 de
735 882 794 922 uno
817 863 962 939 Euripide
985 861 1116 938 scinne),
1146 881 1205 923 non
1237 863 1347 923 verba
1377 880 1457 939 pro-

333 964 536 1024 nuntianda
552 966 653 1042 pueris
666 967 878 1043 imposuerunt,
891 965 970 1042 quod
983 965 1102 1042 quidem
1114 957 1281 1042 Koobins2)
1295 968 1458 1041 propterea

332 1066 444 1125 factum
469 1085 536 1127 esse
559 1073 670 1140 censet,
693 1069 762 1143 quia
785 1075 926 1127 canentes
949 1069 1034 1145 pueri
1054 1067 1173 1127 facilins
1187 1086 1263 1127 voce
1282 1067 1456 1126 immensam

333 1169 443 1228 theatri
466 1167 701 1245 magnitudinem
719 1170 918 1245 expleverint;
941 1188 1018 1246 qnae
1034 1171 1207 1230 coniectura
1223 1187 1283 1229 non
1299 1169 1338 1227 ita
1354 1168 1460 1244 inepta

333 1275 387 1328 est.
431 1267 488 1330 Sed
518 1269 734 1329 observandum
767 1276 814 1329 est
848 1271 979 1346 tragicos
1006 1271 1124 1331 omnino
1151 1269 1221 1330 inde
1243 1270 1280 1329 ab
1302 1268 1459 1344 Aeschylo

336 1370 467 1448 (praeter
501 1371 646 1447 Pyladem
680 1371 937 1449 (lboepborornmi
970 1374 1254 1450 parachoregemata
1287 1369 1459 1432 canentia

335 1474 499 1546 induxisse,
522 1480 621 1534 tamen
645 1493 790 1551 personas
814 1475 989 1536 diverhiis
1016 1480 1162 1536 utentes
1192 1474 1271 1535 ultra
1292 1473 1458 1551 legitimum

333 1595 489 1636 nnmerum
521 1577 663 1637 adbibere
691 1578 834 1638 acerrime
857 1579 968 1638 veritos
990 1596 1063 1638 esse.
1107 1577 1194 1637 Adde
1217 1576 1295 1654 qnod
1319 1593 1459 1652 eaquae

334 1677 477 1738 habemus
510 1680 795 1756 paraclroregemuta
829 1697 946 1756 semper
978 1679 1248 1740 extraordinarium
1282 1677 1459 1754 tragoediae

334 1785 539 1840 ornamentum
564 1782 718 1857 praebent.
762 1783 808 1841 lta
831 1800 991 1858 puerorum
1016 1801 1136 1859 qnoque
1157 1787 1261 1841 cantus
1283 1779 1373 1858 (qnos
1396 1798 1457 1839 non

334 1882 492 1958 proferunt
522 1885 578 1942 nisi
608 1885 761 1943 acerrimis
788 1885 930 1961 periculis
953 1885 1107 1944 constricti
1129 1888 1182 1944 aut
1204 1901 1318 1943 summo
1340 1883 1370 1942 in
1394 1882 1458 1940 ani·

334 2003 448 2044 morum
480 1984 583 2062 motu),
615 1986 715 2062 potins
746 1993 833 2046 erant
864 1970 1081 2065 ἀγωνίσματα
1111 1979 1156 2054 εἰς
1187 1975 1227 2044 τὸ
1256 1978 1460 2063 παραχρῆμα

334 2084 454 2163 (nempe
483 2093 516 2146 ut
545 2088 634 2147 claris
662 2089 834 2164 tenerisque
864 2106 1023 2164 puerorum
1053 2088 1176 2148 vocibus
1197 2092 1385 2165 spectatores
1408 2084 1458 2144 de-

336 2187 559 2267 lectarentur‚3)
597 2190 684 2250 simul
723 2190 926 2250 misericordia
963 2189 1156 2264 moveretur),
1195 2207 1283 2268 quam
1321 2190 1460 2265 integrae

334 2291 502 2350 tabularum
527 2300 636 2369 partes.
659 2323 699 2332 -
733 2293 831 2352 Aliter
853 2310 885 2352 se
908 2299 1018 2368 gerunt
1039 2294 1125 2369 pneri
1148 2291 1373 2368 Aristophanei‚
1408 2290 1459 2366 qni

335 2400 368 2455 nt
389 2395 480 2455 vitam
504 2394 696 2456 domesticam
720 2396 868 2474 referunt,
901 2397 942 2455 ita
975 2414 1030 2456 suo
1061 2415 1142 2457 more
1175 2396 1349 2471 loquuntur,
1382 2394 1461 2453 sicut

335 2499 453 2558 omnino
466 2498 682 2575 Aristophanes
693 2516 839 2576 personas
851 2500 929 2558 ultra
944 2516 1098 2559 numemm
1111 2498 1285 2558 sollemnem
1298 2497 1460 2573 loquentes

334 2601 453 2677 saepius
477 2601 602 2661 induxit.

421 2720 479 2781 Sed
503 2720 548 2780 his
572 2738 648 2796 qrrac
671 2721 708 2779 ad
732 2721 903 2779 universam
928 2739 989 2780 rem
1014 2724 1152 2797 spectant
1174 2720 1361 2796 argumentis
1386 2717 1460 2777 nihil

335 2823 409 2882 certi
442 2823 520 2882 cilici
554 2823 643 2882 facile
678 2805 821 2899 quidpiam
855 2823 1028 2882 arbitretur:
1063 2822 1198 2900 singulas
1228 2821 1347 2881 tabulas
1378 2822 1461 2898 ipsas

334 2943 401 2986 esse
431 2925 594 2985 adeundas.
638 2927 744 3001 Itaque
767 2927 893 3001 primum
917 2925 1148 3001 hirmelind.
1171 2929 1281 3001 partes,
1312 2924 1351 2984 de
1374 2925 1462 2983 cuius

333 3034 433 3088 aetate
464 3030 647 3105 potissimum
678 3029 773 3104 possit
802 3027 949 3105 dubitari,
983 3028 1107 3105 propius
1134 3027 1378 3105 contemplemur.
1428 3023 1460 3084 si

335 3134 412 3190 enim
437 3130 616 3189 Alcestidem
640 3149 659 3189 a
680 3131 778 3189 tribua
801 3130 995 3190 histrionibus
1013 3134 1109 3189 actam
1125 3147 1190 3189 esse
1206 3135 1355 3204 putemus,
1377 3126 1460 3204 qnod

336 3251 435 3308 neque
458 3233 554 3292 refelli
578 3250 677 3308 neque
700 3237 781 3293 certo
806 3233 902 3292 evinci
927 3250 1015 3308 posse
1039 3232 1166 3309 videtur,
1188 3232 1344 3292 Eumelum
1362 3231 1392 3289 in
1409 3229 1463 3289 illc
1495 3287 1503 3302 ,

335 3337 488 3395 morientis
518 3335 679 3394 Alcestidis
712 3354 821 3394 scaena
850 3335 888 3394 ab
918 3354 977 3395 uno
1009 3354 1047 3394 ex
1079 3335 1184 3411 tribus,
1216 3335 1268 3409 qni
1290 3336 1461 3410 supererat.

336 3438 530 3498 histrionibus
553 3444 808 3513 repraesentatum
833 3455 898 3497 esse
921 3438 1007 3497 facile
1030 3436 1156 3512 cogitari
1177 3441 1285 3513 potest,
1307 3454 1387 3513 qnae
1404 3435 1462 3494 init

335 3540 519 3599 Lachmanni
540 3539 590 3612 (de
614 3557 714 3614 mene,
737 3559 764 3615 p.
776 3538 840 3614 44),
863 3540 893 3599 C.
909 3541 942 3598 E.
958 3540 1120 3599 Hermanni
1137 3538 1188 3607 (de
1210 3538 1333 3615 distrib,
1355 3535 1462 3613 p.49),

233 3706 254 3735 .
335 3644 466 3703 Richteri
496 3644 564 3714 (Die
588 3643 761 3718 Verteilnng
790 3643 845 3701 der
873 3644 992 3716 Bellen,
1021 3662 1050 3720 p.
1063 3642 1115 3714 75)
1146 3643 1301 3702 sententia
1348 3643 1461 3701 Verum

335 3752 381 3807 cst
402 3746 504 3818 verba,
528 3764 605 3822 quae
628 3745 808 3821 proferenda
829 3745 991 3822 Euripides
1013 3746 1136 3805 Eumelo
1160 3744 1271 3822 tribuit,
1294 3745 1386 3820 longe
1409 3744 1462 3803 ab·

421 3929 442 3994 ¹)
461 3926 566 3979 Pueros
592 3924 703 3994 quidem
730 3929 866 3980 amatores
893 3940 959 3980 auos
986 3925 1014 3978 in
1037 3940 1138 3980 scaena
1159 3929 1275 3993 agentes
1297 3924 1462 3978 incitavisse

335 4012 462 4066 videmus
480 4011 508 4064 in
526 4010 595 4064 Plet.
609 4009 696 4077 Epist.
710 4010 757 4076 IV,
776 4026 801 4077 p.
815 4015 860 4064 321
877 4012 914 4063 A:
934 4004 992 4079 ἐγὼ
1011 4007 1042 4065 δὲ
1060 4007 1108 4063 καὶ
1127 4003 1158 4064 ἐν
1170 4016 1230 4074 τοῖς
1243 4005 1381 4079 θεάτροις
1397 4000 1462 4079 ὁρῶ

334 4092 403 4160 τοὺς
422 4090 583 4165 ἀγωνιστὰς
601 4089 658 4149 ὑπὸ
678 4101 737 4149 τῶν
755 4096 865 4148 παίδων
882 4089 1143 4164 παροξυνομένους,

420 4186 443 4249 ²)
461 4182 504 4235 De
517 4182 600 4236 mutis
613 4196 683 4250 qnae
695 4185 828 4234 vocantur
840 4181 976 4249 personia,
994 4181 1060 4235 diss.
1073 4180 1165 4248 philol.
1176 4179 1236 4233 Hal.
1249 4179 1346 4248 vol.V,
1364 4183 1462 4247 piet.

420 4269 442 4336 8)
461 4268 595 4332 Quaeres
610 4266 697 4334 magis
707 4267 788 4321 etism
799 4265 949 4321 illustratur
966 4266 1028 4320 loco
1038 4265 1156 4334 quodam
1166 4265 1298 4331 Arvesp.
1309 4265 1462 4334 (obsequi,

301 4379 304 4385 ·
336 4353 371 4408 de
390 4368 445 4423 quo
465 4351 533 4407 infra
550 4354 589 4420 (p.
601 4353 663 4420 293)
682 4350 839 4419 disputabo.
