3104 5198
209 404 273 463 250

209 591 288 649 quae
303 573 477 632 coniectura
491 591 558 633 cum
577 592 614 632 eo
634 575 783 651 convenit,
797 573 877 649 qnod
897 573 1076 652 Sophoclem
1092 591 1201 632 cenam
1217 570 1342 648 potissi-

210 694 288 735 mam
305 674 483 735 horrendam
499 676 630 735 voluisse
645 683 874 753 repraesentare
891 677 1143 735 concluseramus.
1171 676 1341 735 Praeterea

210 779 267 837 hoc
296 796 418 855 qnoque
448 778 592 838 Senecam
615 798 633 837 a
660 779 808 854 Sophocle
837 783 1002 838 mutuatam
1032 796 1099 838 csse
1132 784 1226 854 puto,
1257 775 1339 852 qnod

210 882 367 939 maximum
397 879 541 955 tiliorum,
570 881 748 949 Tantalum,
777 881 1034 940 adulescentulum
1064 879 1167 950 linxit,
1203 896 1339 956 quocum

208 984 406 1041 altercaretur
428 990 523 1058 pater,
569 983 633 1042 Hac
655 990 720 1042 arte
736 982 900 1059 Sophocles
917 983 1034 1041 fabulae
1050 984 1198 1042 actionem
1216 981 1340 1041 variare

209 1088 334 1144 conatus
363 1090 424 1155 cst,
454 1103 521 1143 cam
545 1083 634 1144 filium
658 1084 800 1143 audacem
825 1084 977 1144 credulum
1000 1090 1189 1160 sperantem,
1219 1088 1338 1160 patrem

209 1189 331 1247 anxiam
363 1186 569 1264 providentem
601 1187 743 1263 fingeret,
766 1187 881 1246 simodo
904 1188 1015 1247 Accius
1037 1206 1103 1246 eam
1127 1192 1254 1247 oecntus
1275 1191 1339 1255 eat;

209 1290 247 1348 ci.
262 1291 317 1367 trg.
334 1291 408 1364 llla,
428 1290 465 1350 de
481 1308 542 1367 quo
557 1290 678 1351 Cicero:
703 1289 807 1363 ‚Quae
822 1291 872 1349 illc
888 1309 906 1348 a
920 1291 993 1350 love
1009 1296 1093 1349 onus
1107 1290 1171 1350 suis
1186 1290 1341 1366 praecipit

209 1392 288 1452 tiliis
332 1393 436 1453 Nostis
451 1398 561 1463 cetera,
583 1392 721 1453 nannai:

311 1495 345 1555 ld
367 1494 449 1572 quod
474 1495 555 1555 malti
580 1495 734 1554 invideant
757 1496 901 1572 multique
923 1499 1066 1573 expetant
1087 1495 1235 1556 inscitiaat

313 1599 482 1675 Postnlare,
505 1597 559 1657 uisi
583 1597 714 1658 laborem
739 1615 853 1657 somma
876 1616 941 1657 cam
965 1617 1038 1657 cura
1060 1596 1202 1658 ecferas“
1228 1627 1274 1638 —

212 1700 247 1761 ln
264 1702 388 1777 antiqua
403 1699 506 1759 fabula
520 1700 573 1759 tilii
588 1701 742 1776 Thyestae
758 1706 828 1759 sant
843 1699 982 1777 infantes,
997 1700 1033 1759 cl.
1044 1700 1154 1760 Aesch.
1166 1700 1225 1777 Ag.
1239 1702 1338 1761 1096:

211 1792 381 1881 κλαόμεια
402 1793 482 1861 τάδε
497 1797 612 1881 βρέφη.
635 1832 674 1842 -
698 1804 758 1861 lam
779 1804 889 1880 quibus
912 1802 975 1862 lere
997 1803 1183 1881 temporibus
1212 1801 1339 1863 fabulae

210 1906 317 1966 doctae
340 1907 408 1980 sint,
431 1924 509 1983 qnae
534 1907 610 1966 ratio
633 1905 711 1966 inter
731 1905 833 1965 ambas
852 1906 1027 1982 intercedat,
1049 1924 1155 1966 eruere
1170 1905 1338 1984 quomodo

213 2027 332 2086 cunque
348 2026 499 2068 conemur.
543 2009 704 2086 Euripides
720 2008 862 2084 fabulam,
886 2028 964 2086 quae
981 2014 1026 2070 est
1041 2009 1080 2069 de
1094 2008 1173 2070 Solis
1188 2027 1339 2086 regressa,

210 2112 336 2190 pristino
369 2113 435 2171 loco
465 2112 603 2187 retinnit,
632 2106 703 2171 licet
732 2130 797 2171 eam
830 2111 867 2170 ad
898 2113 1020 2172 rationis
1051 2112 1136 2188 leges
1169 2130 1338 2172 accommo

210 2216 342 2287 daverit,
370 2214 536 2292 Sophocles
573 2216 696 2292 egregio
726 2216 776 2275 illo
807 2215 1023 2292 transponendi
1052 2214 1179 2276 artificio
1202 2215 1336 2276 fabulam

213 2320 352 2378 novavit:
376 2320 476 2396 itaque
499 2317 595 2379 forma
621 2317 784 2394 Euripiden
807 2318 876 2377 mihi
899 2320 981 2396 prior
1003 2336 1069 2378 esse
1091 2318 1228 2394 videtur,
1250 2337 1336 2396 prac-

213 2422 314 2481 sertim
337 2439 403 2480 cnm
429 2422 506 2481 tales
529 2421 738 2480 miraculorum
766 2422 1028 2497 interpretationes
1052 2420 1217 2499 praecipue
1240 2421 1338 2499 prima

214 2542 285 2584 suae
309 2525 408 2602 poesis
429 2527 528 2583 aetate
549 2522 683 2583 coluerit
727 2525 787 2583 Iam
806 2541 876 2582 vero
893 2542 929 2583 ex
947 2530 1017 2584 nola
1033 2524 1083 2583 illa
1098 2524 1337 2584 Acharnensinm

213 2645 321 2687 scaena
350 2621 521 2704 (393sqq.),
541 2626 571 2686 in
599 2645 659 2704 qua
674 2627 864 2703 Dicaeopolis
885 2626 1091 2705 ah·liuripide
1113 2645 1231 2703 pannos
1245 2646 1336 2705 quam

212 2729 339 2789 maxime
362 2729 510 2789 laceratos
532 2727 731 2806 sordidosque
755 2733 915 2799 mutuatur,
939 2747 1049 2789 novam
1072 2729 1110 2789 ad
1133 2727 1336 2789 deliniendum

212 2831 331 2891 fabulae
348 2831 529 2909 Euripideaa
551 2838 669 2907 tempas
692 2835 900 2909 argumentum
924 2832 1000 2892 sumi
1016 2850 1105 2909 posse
1121 2833 1190 2892 mihi
1207 2832 1338 2892 videtur.

213 2928 359 3006 Quamvis
388 2938 466 2993 enim
495 2953 532 2993 ex
564 2935 689 3011 antiqua
718 2933 818 2994 fabula
841 2934 1030 3010 Dicaeopolis
1053 2934 1091 2995 ibi
1114 2940 1198 3011 petat
1219 2952 1336 3012 pannos

212 3037 253 3110 (v.
267 3040 346 3098 415:
376 3026 434 3108 δός
461 3054 518 3115 μοι
549 3027 668 3116 ῥάκιόν
697 3055 728 3095 τι
752 3033 816 3096 τοῦ
838 3034 987 3096 παλαιοῦ
1011 3028 1205 3115 δράματος),
1236 3044 1336 3098 umen

213 3141 432 3216 antiquissimas
454 3145 616 3217 propterea
638 3141 782 3201 noluerim
807 3142 862 3201 hoc
889 3141 954 3201 loco
984 3140 1087 3200 afferri
1117 3146 1239 3219 putare,
1265 3142 1338 3218 qnia

212 3244 442 3321 Aristophanem
466 3261 517 3303 eas
547 3248 680 3321 tantum,
709 3262 785 3322 qaas
812 3262 848 3304 ex
871 3245 937 3320 ipsa
959 3262 1070 3304 scaena
1094 3245 1221 3320 noverit,
1244 3244 1336 3304 citare

213 3351 444 3407 cousentaneum
468 3354 522 3423 est,
544 3348 717 3424 praesertim
738 3365 806 3405 cnm
823 3365 882 3406 non
898 3346 998 3422 verba,
1020 3346 1073 3405 sed
1090 3348 1185 3422 ipsum
1202 3346 1336 3406 habitum

213 3455 429 3527 aspectumque
461 3467 657 3526 personarum
688 3448 794 3508 rideat
837 3449 867 3510 Si
898 3455 995 3508 antem
1019 3449 1253 3527 Aristophanem
1276 3467 1336 3508 uon

216 3552 307 3611 multo
324 3558 393 3612 ante
415 3572 440 3611 a.
456 3555 519 3613 450
535 3557 636 3612 natnm
661 3551 753 3612 luisse
776 3552 910 3611 homines
933 3550 1013 3611 docti
1037 3557 1117 3610 recte
1134 3553 1338 3628 coniecerunt,

214 3656 263 3714 vix
296 3660 365 3715 aute
389 3658 493 3716 asso
515 3673 579 3714 eum
612 3655 789 3730 spectaculis
812 3653 939 3731 puhlicis
961 3653 1134 3714 interfuisse
1156 3655 1222 3714 iure
1245 3660 1338 3714 statu·

212 3775 314 3827 emus3
337 3756 451 3833 (pueris
475 3757 531 3817 hoc
554 3759 671 3817 licuisse
694 3759 830 3834 sequitur
853 3775 889 3816 ex
913 3758 963 3816 Ar.
978 3757 1076 3816 Nubb.
1092 3748 1177 3826 539.)
1206 3757 1338 3817 Puerum

212 3866 310 3920 autem
347 3859 439 3920 vividi
473 3861 583 3937 ingenii
617 3879 653 3920 ex
687 3879 722 3920 ea
755 3864 852 3919 aetate
885 3860 956 3919 talia
986 3861 1160 3937 spectacula
1196 3860 1340 3920 memoria

213 3968 317 4023 tenere
350 3982 408 4023 non
441 3968 487 4023 est
517 3963 692 4023 mirandum.
736 3963 842 4038 ltaque
872 3962 934 4022 lere
956 3970 1025 4041 post
1046 3966 1149 4023 atto
1171 3962 1339 4039 Thyestam

213 4064 331 4125 doctmn
365 4084 430 4126 esse
464 4065 654 4125 statuendum
689 4070 742 4126 est
793 4065 918 4125 Accedit
951 4064 1031 4141 quod
1066 4064 1139 4124 illud
1170 4064 1341 4142 artificium,

214 4169 363 4246 supplices
386 4169 415 4227 in
439 4187 492 4228 ura
514 4168 654 4228 sedentes
675 4167 846 4239 inducendi,
870 4172 1010 4244 quantum
1034 4169 1179 4244 videmus,
1200 4167 1238 4227 ab
1256 4186 1340 4229 anno

213 4289 257 4330 ca.
282 4274 344 4332 430
382 4271 498 4331 demum
531 4270 688 4349 Euripides
720 4272 841 4347 saepius
870 4271 1021 4347 adhibuit,
1054 4271 1094 4331 ita
1128 4276 1160 4330 ut
1187 4271 1342 4348 Thyestes

215 4391 342 4451 quoqne,
365 4375 393 4432 in
411 4393 470 4450 qua
487 4374 557 4432 illud
581 4375 748 4434 occurrisse
771 4375 969 4453 suspicamur,
990 4375 1030 4434 illi
1052 4373 1178 4453 tempori
1201 4375 1342 4452 proxima
