3104 5198
214 423 276 482 268

214 591 304 651 buius
327 590 448 652 fabulae
472 592 646 669 obscuritas,
669 595 756 654 etiam
780 594 988 673 hunchlopae
1011 594 1103 654 lilium
1127 593 1176 667 (ex
1192 594 1340 668 Neptuno

214 691 405 772 conceptum)
436 695 465 754 iu
490 713 627 756 scaenam
656 714 723 755 esse
744 701 948 774 apportatum,
980 716 1086 775 nempe
1109 697 1270 757 simulacro
1293 709 1342 749 re·

214 801 446 874 praesentatum.

299 909 442 993 Oedipum
474 915 719 978 Wilamowitzius
749 920 835 978 anuis
862 922 1040 981 420-410
1067 918 1178 978 tribuit
1222 915 1340 975 'Pamcu

216 1017 296 1078 haud
327 1020 389 1080 scio
420 1039 457 1079 an
489 1025 570 1080 reete
593 1021 742 1080 ucbertus
774 1040 838 1082 eam
866 1027 933 1099 post
955 1041 979 1081 a.
995 1025 1057 1082 415
1080 1023 1149 1097 poni
1173 1023 1270 1093 vetet,
1301 1030 1342 1073 ue

215 1122 341 1197 propina
363 1121 400 1180 ad
424 1122 606 1182 Phoenissas
629 1121 685 1194 (ca.
704 1121 779 1194 410)
803 1125 938 1195 accedat,
961 1125 1072 1200 quippe
1096 1141 1174 1201 quae
1197 1118 1343 1180 exhibeat

214 1241 339 1299 prorsus
369 1224 457 1284 aliam
490 1224 622 1285 eiusdem
653 1225 773 1286 fabulae
804 1226 936 1287 termam.
980 1227 1020 1286 At
1047 1233 1152 1286 contra
1180 1221 1342 1300 quominus

211 1331 294 1402 post
316 1327 498 1386 Phoenissae
521 1345 584 1387 eam
608 1326 726 1387 doctam
750 1335 897 1404 putemus,
919 1328 1059 1404 prohibet
1074 1327 1216 1387 materiae
1232 1337 1344 1402 genus,

211 1428 293 1504 quod
318 1434 390 1489 tuuc
413 1431 559 1506 temporis
582 1435 703 1506 practer
726 1436 827 1491 cetera
850 1429 1011 1509 Euripides
1032 1430 1176 1504 adhibuit,
1205 1426 1236 1487 id
1261 1423 1343 1498 dico,

212 1535 245 1590 ut
277 1532 365 1591 homo
395 1531 503 1609 ailquls
536 1534 664 1592 obscuro
697 1533 763 1594 loco
797 1540 885 1594 natus
915 1551 969 1609 per
997 1533 1116 1592 fabulae
1143 1543 1341 1609 progressum

212 1639 355 1710 parentes
377 1640 532 1711 agnoscat.
577 1634 668 1696 Cuius
690 1637 808 1711 generis
839 1641 883 1695 est
906 1635 958 1695 Ion
983 1640 1013 1696 ct
1034 1634 1203 1704 Phaethon,
1233 1625 1342 1690 slmiIIs

211 1737 392 1813 Ilypsipyla.
427 1737 584 1798 Phaethon
607 1743 733 1814 propter
755 1738 852 1814 iguem
876 1739 939 1798 slve
961 1737 1084 1814 fumum,
1106 1737 1156 1813 qui
1180 1737 1210 1795 in
1227 1747 1342 1792 scaena

214 1837 435 1916 conspicitur,¹)
464 1844 498 1899 ut
520 1840 668 1900 Robertus
692 1859 738 1900 me
761 1840 871 1918 docuit,
901 1839 1052 1901 secundae
1074 1840 1182 1900 aetatis
1205 1854 1274 1897 esse
1298 1832 1342 1890 ri·

211 1939 314 2018 detur;
337 1942 419 2001 illum
444 1943 520 2001 euim
537 1961 648 2002 morem
665 1944 763 2019 ignem
783 1945 812 2003 in
829 1961 937 2003 scaeua
953 1941 1131 2002 ostendendi
1151 1959 1207 2018 per
1223 1943 1341 1998 certum

210 2045 354 2121 temporIs
376 2044 503 2121 spatium
520 2063 702 2121 cognoscere
724 2060 894 2122 possumus:
917 2046 1070 2105 iuvenitur
1086 2047 1113 2105 in
1132 2043 1249 2118 Vespis,
1264 2039 1342 2114 Sup-

209 2146 352 2225 plicibus,
381 2148 538 2224 Alcmena,
568 2148 751 2209 Troadibus:
791 2167 870 2225 quae
900 2166 1002 2208 omnes
1032 2148 1112 2208 circa
1138 2163 1252 2205 annum
1276 2142 1343 2200 420

209 2248 316 2308 doctae
340 2255 423 2319 sunt;
447 2250 576 2309 recurrit
599 2250 675 2310 illud¹
694 2250 850 2310 artificium
873 2255 978 2326 postea
1000 2252 1029 2310 in
1045 2248 1179 2310 Bacchis
1194 2276 1239 2287 —-
1261 2243 1343 2303 Tota

210 2349 317 2427 Oedipi
347 2350 451 2411 tabula
480 2351 652 2412 aRobcrto
684 2372 721 2412 ex
752 2355 950 2413 monumentis
979 2351 1171 2430 probabiliter
1198 2347 1344 2409 restituta

209 2446 292 2532 est.²)
344 2454 451 2529 Itaque
481 2455 623 2531 imprimis
655 2456 712 2515 hoc
742 2455 799 2514 suit
827 2454 946 2514 tabulae
976 2456 1144 2532 proprium,
1178 2449 1344 2526 Oedipum,

210 2561 372 2631 antequam
396 2573 463 2614 eum
487 2555 551 2614 Laii
575 2561 606 2615 et
628 2556 765 2616 locastae
789 2575 853 2616 esse
875 2555 965 2616 lilium
989 2562 1163 2633 appareret,
1195 2550 1342 2627 cognosci

210 2660 242 2716 ut
265 2656 331 2716 Laii
361 2656 599 2733 interfectorem,
628 2666 849 2736 proptereaque
880 2660 984 2718 ahaii
1008 2657 1150 2718 ministris
1172 2651 1344 2714 occaecari.

210 2760 316 2834 ltaque
339 2777 405 2817 cum
423 2760 577 2837 Euripidis
593 2758 741 2837 Oedipum
765 2762 951 2838 sarcophago
974 2761 1034 2837 illo,
1056 2761 1085 2819 in
1110 2777 1171 2835 qno
1187 2756 1343 2816 hominem

209 2860 338 2936 aliquem
363 2863 440 2920 humi
465 2861 614 2921 deiectum
639 2863 813 2923 amilltibus
833 2864 948 2922 caecari
965 2859 1140 2937 ridemus³)‚
1163 2873 1343 2936 expressam

210 2980 277 3022 esse
309 2966 439 3038 constet,
469 2983 506 3022 ne
537 2964 735 3024 dubitandum
767 2965 885 3040 quidem
910 2969 967 3042 est,
998 2966 1069 3041 quin
1093 2963 1153 3022 duo
1178 2961 1219 3020 illi
1245 2957 1345 3036 puerI,

210 3065 261 3140 qui
287 3083 353 3123 eum
377 3064 487 3125 semiua
510 3066 613 3143 aliqua
634 3066 794 3126 adextera
808 3072 893 3142 parte
909 3068 1017 3126 turbati
1035 3068 1208 3140 accurrunt,
1231 3077 1344 3135 nempe

212 3166 352 3226 utooeles
369 3174 399 3226 et
409 3167 571 3244 Polynices
587 3186 653 3226 cum
672 3172 765 3227 matre
778 3168 902 3241 Iocasta,
917 3167 1029 3228 fuerint
1045 3167 1164 3227 tabulae
1180 3179 1345 3242 personae.

211 3267 252 3326 nt
268 3267 530 3328 considerantibus
547 3270 641 3346 uobis,
664 3270 735 3346 quid
752 3271 780 3328 in
798 3269 899 3330 tabula
914 3269 1032 3329 tinxerit
1049 3266 1220 3346 Euripides,
1238 3281 1343 3325 noune

210 3369 269 3428 hoc
293 3371 372 3429 ultro
396 3388 429 3431 se
452 3373 553 3445 offert,
576 3377 608 3430 ut
632 3391 691 3431 uon
716 3370 861 3449 Oedipum
885 3373 987 3443 solum,
1017 3371 1068 3431 sed
1092 3372 1181 3430 etiam
1205 3368 1287 3427 filios
1311 3365 1343 3425 iu

209 3473 375 3549 periculum
400 3479 525 3533 vocatos
548 3492 613 3533 esse
630 3474 840 3550 suspicemur?
872 3475 936 3534 Laii
952 3476 1028 3533 enim
1045 3473 1182 3545 ministri,
1205 3469 1342 3530 simulat·

208 3593 267 3650 qne
291 3578 369 3651 regis
392 3576 617 3636 interfectorem
642 3576 832 3646 detexerunt,
865 3595 923 3636 non
951 3577 979 3635 iu
1004 3578 1066 3635 eius
1089 3593 1189 3652 poena
1212 3571 1343 3648 acquie-

211 3677 300 3753 visse,
323 3678 376 3736 sed
400 3697 454 3754 pro
472 3677 608 3738 sollemni
625 3682 761 3737 veterum
778 3679 891 3737 ratione
906 3681 996 3737 totam
1013 3679 1076 3737 eius
1091 3679 1217 3753 stirpem
1235 3673 1343 3732 delere

208 3779 359 3838 studuisse
390 3779 542 3854 cogitandi
575 3784 653 3839 suut.
698 3778 780 3852 Quae
810 3781 982 3839 coniectura
1011 3798 1046 3838 eo
1076 3779 1223 3849 firmatur,
1256 3773 1342 3852 quod

208 3882 237 3940 in
262 3880 449 3957 sarcophago
473 3881 522 3940 illo
546 3900 679 3951 servum,
712 3887 744 3940 ut
766 3880 893 3956 ridetur,
923 3881 1080 3952 cernimus,
1110 3881 1160 3955 qui
1184 3878 1342 3936 Iocastam

294 4128 316 4189 ¹)
334 4124 368 4180 cs.
382 4124 575 4180 Wilamowita.
594 4125 685 4180 IIerm.
700 4123 803 4191 XVIII,
821 4138 848 4190 p.
859 4127 907 4176 396
918 4139 979 4191 sqq.

292 4213 315 4279 Ι)
335 4216 375 4264 5⁰.
388 4210 551 4279 Programm
569 4227 629 4264 aum
649 4207 957 4276 Wiuclrelmanusieste,
975 4207 1045 4261 Berl
1062 4212 1134 4273 iseo,
1152 4223 1179 4274 p.
1191 4212 1301 4274 tesqq.

292 4298 311 4358 8Ι
331 4296 344 4349 Ι
367 4296 463 4351 relicui
491 4294 564 4351 delle
592 4312 658 4351 urna
686 4292 823 4361 etrusebe,
849 4292 924 4360 publ.
946 4293 982 4346 da
1006 4292 1084 4348 Gust.
1101 4293 1198 4359 Kline,
1227 4291 1286 4346 vol.
1305 4288 1344 4356 ΙΙ,

108 4408 110 4413 ·
206 4379 298 4449 tl'lI,
318 4383 346 4448 13
370 4380 486 4449 Robert,
505 4379 521 4434 l.
536 4397 558 4434 c.
577 4397 604 4449 p.
616 4384 660 4448 793
679 4380 793 4435 Wiener
805 4376 933 4432 Veri-Bt
948 4380 1021 4444 1889,
1039 4381 1059 4430 t.
1067 4376 1143 4444 VIII,
1161 4381 1187 4431 3.
