3104 5198
1271 423 1331 481 231

213 594 417 669 temperantia.
444 625 483 634 -
512 591 599 668 Quod
623 594 759 671 seqnitur
781 609 901 652 carmen
925 589 1000 664 (178
1012 589 1089 668 sqq.)
1112 590 1197 651 iaeilo
1220 592 1332 651 intolle-

212 698 293 771 gitur·
332 696 370 754 ad
410 714 484 756 unas
518 701 627 755 matres
661 696 824 771 pertinere:
862 694 974 754 docent
1006 695 1098 754 verba
1131 694 1217 754 haee:
1260 698 1334 755 782:

214 789 284 874 incl
316 790 351 854 oi
392 791 526 856 παίδων
560 789 693 856 εἰσιδεῖν
732 789 816 876 με’λη
856 793 928 853 κτλ.
964 800 994 855 et
1028 798 1103 856 786:
1144 783 1272 872 ἄγαμον
1300 779 1334 871 μ’

214 889 264 956 ἔτι
298 886 386 976 δεῦρ’
419 885 470 957 ἀεὶ
501 898 572 957 κτλ.
605 929 645 939 -
680 898 769 972 Quod
808 899 944 975 sequitur
984 916 1103 958 carmen
1141 898 1333 957 amoebaeum

215 1001 377 1078 [802sqq·l
408 1001 472 1077 ipse
494 1002 644 1061 Adrastus
666 1001 777 1060 indicat
800 1018 833 1060 so
856 1019 920 1060 cum
946 1001 1088 1060 matribus
1111 999 1188 1059 vello
1211 1000 1335 1058 alternis

214 1105 338 1164 vocibus
371 1123 479 1164 canere
513 1101 678 1177 (Soli-ll:
712 1088 952 1181 στεναγμὸνῶ
980 1096 1117 1179 ματέρες
1147 1132 1188 1142 -
1218 1086 1336 1160 ἀύσατ’

216 1191 358 1264 ἀπύσατ’
396 1190 557 1281 ἀντίφων’
594 1201 684 1283 ἐμῶν
720 1195 959 1283 στεναγμάτων
990 1194 1166 1264 κλύουσαι.
1199 1235 1242 1245 -
1273 1205 1334 1264 Iam

216 1311 352 1386 sequitur
396 1328 513 1369 carmen
557 1309 631 1369 illud
670 1310 861 1369 amoebaeum
900 1308 995 1381 (1123
1015 1312 1106 1387 aqql,
1151 1308 1229 1384 qnod
1268 1326 1334 1367 oum

216 1414 308 1472 ebore
339 1413 521 1473 alternantes
552 1417 663 1471 canunt
693 1412 790 1489 pueri,
821 1411 889 1472 dum
919 1413 1050 1471 afferunt
1072 1418 1187 1489 patrum
1212 1411 1336 1470 cineres.

215 1517 315 1591 Atque
344 1516 486 1591 quoniam
518 1516 547 1573 iu
577 1515 684 1575 ceteris
714 1514 838 1575 canticis
866 1520 987 1590 praeter
1010 1515 1136 1591 primum
1160 1513 1335 1572 famularum

216 1619 341 1678 vocibus
368 1637 427 1677 non
451 1637 516 1678 esse
539 1618 636 1678 locum
660 1617 854 1688 ostendimus,
885 1635 971 1676 nemo
995 1616 1156 1693 dubitabit,
1184 1615 1256 1693 quin
1281 1616 1337 1675 boe

217 1739 336 1797 quoque
366 1722 414 1780 vel
437 1720 532 1779 dicam
556 1721 741 1797 potissimum
765 1721 793 1778 in
818 1720 962 1793 carmine,
992 1718 1073 1795 qnod
1098 1725 1142 1778 ost
1164 1720 1256 1779 totius
1278 1723 1336 1777 tra·

217 1822 341 1897 goediae
365 1824 450 1899 quasi
474 1824 600 1893 eulmen,
628 1829 737 1882 matres
761 1841 837 1882 unae
860 1827 1003 1882 canentes
1024 1821 1084 1881 siut
1106 1821 1272 1898 ponendae.
1295 1851 1336 1861 -

217 1928 257 1984 nt
272 1925 343 2003 quid
360 1925 430 1986 iecit
445 1931 534 2002 poeta
551 1925 741 1986 famulabus?
765 1945 833 1985 unm
851 1924 940 1985 silent
956 1943 1010 2000 per
1025 1931 1116 1984 totam
1133 1923 1337 1999 tragoediam?

218 2029 313 2101 Quam
337 2028 542 2088 difficultatem
557 2029 799 2089 Wilamowitzins
821 2027 1013 2105 probabiliter
1033 2029 1076 2086 sie
1091 2027 1160 2087 mihi
1177 2026 1338 2105 expedivit,

219 2138 251 2192 ut
267 2133 438 2210 Euripidem
463 2134 557 2210 primo
581 2133 630 2192 illo
654 2133 784 2193 carmine
800 2131 1019 2209 spectatoribus
1035 2131 1164 2207 omnino,
1187 2130 1336 2208 quomodo

219 2234 328 2294 chorus
343 2236 523 2294 constitutus
540 2242 627 2305 esset,
650 2253 691 2293 sc.
707 2253 744 2294 ea
761 2234 904 2293 matribus
928 2241 957 2293 et
979 2232 1156 2310 famulabus,
1179 2232 1336 2292 ostendere

221 2338 352 2397 voluisse
375 2337 496 2398 diceret.
541 2337 710 2397 Putandum
742 2337 818 2396 euim
851 2340 908 2413 cst,
936 2336 1019 2396 initio
1047 2334 1164 2395 fabulae
1193 2341 1336 2394 matres

220 2445 332 2499 tantum
366 2441 476 2500 circum
509 2440 651 2500 Aethram
685 2439 723 2498 ad
757 2458 838 2499 aram
873 2438 991 2510 sedere,
1025 2437 1151 2498 famulas
1184 2441 1337 2514 separatas

217 2546 306 2601 stare.
350 2543 465 2602 Deinde
497 2548 654 2620 postquam
685 2561 711 2600 v.
728 2545 787 2603 271
822 2546 931 2600 matres
961 2540 999 2600 de
1026 2559 1078 2600 ara
1101 2539 1336 2610 descendissent,

219 2663 269 2703 eas
293 2663 358 2704 oum
382 2645 550 2705 famulabus
574 2646 602 2704 in
628 2663 718 2704 unum
742 2663 848 2722 agmen
867 2643 1053 2713 convenisse,
1076 2642 1118 2702 ita
1134 2642 1236 2703 utiam
1254 2643 1336 2701 ebori

219 2747 371 2806 sollemnis
393 2747 488 2807 forma
517 2755 598 2808 osset
626 2749 771 2807 restituta.
816 2748 921 2824 Itaque
951 2751 1051 2806 eatena
1082 2746 1213 2805 earmina
1235 2765 1253 2804 a
1275 2748 1337 2805 toto

219 2849 309 2908 ebore
333 2854 402 2908 sunt
432 2853 560 2924 cantata,
582 2850 692 2909 etiamsi
717 2856 746 2908 et
768 2848 880 2909 vestitu
903 2855 933 2908 et
956 2848 1153 2908 collocatione
1176 2847 1337 2907 etiamtunc

221 2958 328 3010 matres
357 2970 375 3010 a
405 2951 574 3011 famulabus
597 2951 787 3012 differebant.
830 2952 902 3013 Cum
927 2951 1003 3011 euim
1027 2950 1230 3010 constituisset
1253 2949 1337 3009 Euri·

219 3051 305 3128 pides
342 3059 451 3112 matres
488 3059 601 3130 septem
636 3053 741 3113 ducum
779 3054 928 3131 supplices
965 3053 1049 3112 chori
1085 3051 1152 3112 loco
1186 3051 1339 3129 inducere,

219 3156 369 3215 sollemnis
385 3159 483 3215 tamen
502 3174 588 3233 usus,
610 3176 647 3217 ox
663 3175 723 3235 quo
746 3156 855 3217 clrorus
878 3157 1036 3216 constabat
1058 3173 1094 3215 er
1117 3155 1170 3214 XV
1193 3156 1339 3232 personis,

221 3260 297 3318 ratio
327 3264 391 3318 erat
422 3258 570 3318 habenda.
613 3261 715 3319 Potuit
737 3260 840 3336 igitur,
870 3258 951 3336 quod
975 3257 1144 3333 Aeschylus
1167 3257 1196 3316 in
1219 3255 1337 3335 Suppli·

219 3361 302 3420 cibus
317 3359 438 3420 videtur
453 3359 598 3432 fecisse,¹)
622 3362 810 3438 neglegentia
833 3360 960 3438 quadam
986 3377 1141 3420 numerum
1164 3359 1337 3419 sollemnem

219 3483 273 3542 pro
297 3483 346 3542 eo,
369 3484 456 3541 quem
480 3482 529 3524 res
551 3464 735 3541 postulabat,
765 3483 893 3542 ponere,
916 3470 968 3524 aut
990 3463 1094 3523 debuit
1115 3464 1179 3523 aliis
1201 3464 1339 3541 personis

219 3567 340 3628 eborum
375 3568 530 3643 supplere,
563 3569 605 3627 ita
638 3572 670 3627 ut
703 3568 812 3627 chorus
842 3586 949 3627 revera
982 3571 1060 3626 esset
1094 3567 1252 3642 bipartitus
1286 3584 1338 3642 per

219 3670 356 3729 fabulam.
396 3670 439 3728 Ea
462 3678 560 3729 muron
584 3671 659 3730 ratio
683 3675 713 3729 et
735 3670 869 3730 sollemni
892 3669 1045 3729 scaenicae
1067 3667 1287 3743 consuetudini,
1309 3671 1339 3726 et

219 3775 258 3845 ei,
293 3771 373 3849 quod
408 3772 602 3848 sequebatur,
643 3772 766 3831 consilio
801 3770 1024 3849 obstrepnisset.
1077 3770 1181 3847 ltaque
1214 3769 1336 3829 mediam

219 3874 368 3950 qaiandam
404 3874 481 3932 viam
519 3874 672 3951 ingressus
705 3879 762 3946 est,
800 3891 865 3932 oum
899 3871 1025 3932 adderet
1058 3870 1176 3949 quidem
1212 3870 1339 3931 famulas

220 3977 362 4036 matribus
396 3974 440 4049 (ut
474 3976 580 4053 plenus
613 3976 697 4036 tieret
730 3973 899 4051 uumerus),
931 3979 1028 4034 brnen
1064 3994 1123 4034 nou
1158 3975 1214 4033 nisi
1243 3976 1338 4050 primo

220 4080 375 4155 alteroque
409 4080 540 4138 carmine
574 4097 638 4138 eam
673 4078 890 4138 distinctionem
926 4081 1073 4148 servaret,
1107 4081 1211 4154 postea
1244 4081 1338 4136 totum

220 4182 341 4242 eborum
375 4200 429 4257 pro
458 4182 600 4240 matribus
623 4187 755 4258 poneret
800 4183 846 4240 Ita
868 4198 988 4258 quoqne
1012 4179 1208 4255 intellegitur,
1238 4197 1339 4254 quom·

306 4399 326 4465 ¹)
344 4397 479 4452 Dissentit
497 4396 722 4453 Wilamowituins
740 4397 821 4452 Here.
833 4395 874 4464 1¹,
891 4413 918 4466 p.
931 4402 973 4450 90.
