3104 5198
1283 379 1344 436 273

216 541 348 620 duxerit,
370 563 430 604 non
453 545 512 605 iarn
535 544 745 617 discernimus;
768 547 825 607 hoc
848 546 993 620 videmus,
1016 548 1045 607 in
1061 566 1155 623 puero
1171 545 1345 623 quaerendo

215 649 249 703 et
272 645 474 724 repperiendo
497 666 635 724 maguam
659 648 779 709 fabulae
794 655 909 727 partem
926 651 1053 726 positam
1069 649 1163 709 luisse
1179 646 1249 726 (lrg.
1262 646 1345 719 636).

215 746 339 808 Deinde
363 766 463 825 regem
487 750 575 809 etiam
592 750 621 810 id
637 770 655 810 a
670 751 797 828 Polyido
820 753 998 829 postulasse,
1021 756 1054 812 ut
1075 769 1201 828 puerum
1218 751 1344 811 resusci-

213 852 305 927 taret,
328 853 414 928 sequi
437 850 557 912 videtur
580 871 617 912 ex
640 852 695 930 irg.
708 856 783 914 639:

372 959 483 1049 μάτην
506 960 567 1048 γὰρ
591 963 676 1050 οἴκῳ
699 961 760 1030 σὸν
781 958 853 1030 τόδ’
868 964 984 1051 ἐκβαίη
1007 966 1114 1043 τέλος,

214 1086 266 1147 ubi
291 1087 419 1148 adnotat
441 1090 600 1150 scholiasta
620 1089 671 1163 (ad
687 1092 773 1151 Hom.
789 1091 834 1164 ll.)
856 1085 954 1162 τέλος
970 1090 1139 1169 siguificare
1155 1079 1345 1168 δαπάνημα,

214 1188 298 1266 quod
323 1191 367 1249 sic
390 1195 463 1268 puto
493 1192 730 1269 intellegendum
759 1210 833 1263 esee,
866 1200 899 1253 ut
923 1212 1024 1269 regem
1051 1191 1179 1269 Polyido
1206 1211 1344 1268 magnum

214 1293 366 1368 pecuniae
383 1295 452 1369 rim,
475 1295 499 1353 si
522 1313 648 1370 puerum
672 1296 772 1354 virum
795 1295 985 1366 reddidisset,
1008 1296 1182 1371 promisisse
1197 1299 1345 1371 putemus

213 1395 322 1472 ltaque
354 1395 379 1454 ei
408 1392 524 1472 μῦθον
548 1396 708 1472 Euripides
738 1404 859 1457 secutus
891 1403 945 1472 est,
974 1399 1004 1456 in
1032 1396 1091 1456 fine
1120 1396 1242 1456 fabulae
1269 1414 1345 1472 puer

212 1496 305 1556 vivus
328 1497 359 1556 iu
382 1514 520 1558 scaenam
545 1498 665 1575 prodiit,
687 1516 758 1558 saue
779 1503 813 1558 ut
827 1499 971 1574 parvulus
986 1499 1035 1558 ille
1051 1498 1239 1574 cogitandus,
1262 1497 1344 1575 quod

215 1616 313 1674 supra
337 1597 466 1674 (ptbill
491 1599 703 1661 demonstrari

303 1701 411 1762 Restat
432 1696 526 1778 lupe,
557 1704 586 1762 in
617 1721 676 1779 qua
698 1703 865 1779 Telephum
895 1702 1040 1762 infantem
1062 1703 1093 1761 iu
1116 1719 1228 1761 scaeua
1251 1701 1345 1761 luisse

212 1803 364 1880 imprimis
387 1806 523 1882 sequitur
546 1824 583 1864 ex
600 1805 717 1864 Aeliani
741 1805 871 1881 quodam
893 1804 960 1865 loco
975 1799 1022 1879 (V.
1037 1805 1074 1864 H.
1089 1805 1155 1879 Xll,
1172 1802 1232 1875 15),
1255 1822 1345 1881 quem

213 1905 325 1982 Augae
353 1906 506 1982 Euripidis
536 1907 700 1967 vindicavit
723 1907 968 1967 Wilamowitnius
990 1905 1038 1978 (A.
1053 1907 1086 1965 E.
1110 1904 1239 1982 p.189):
1268 1905 1345 1965 Her·

211 2009 315 2068 oulcm
338 2007 453 2068 alicubi
474 2008 512 2068 ob
528 2010 677 2084 Euripide
700 2010 805 2069 induci
822 2025 954 2084 puerum
977 2009 1059 2068 ulnis
1083 2014 1237 2067 tenentem.
1271 2010 1344 2068 Eam

213 2110 423 2171 coniecturam
447 2112 598 2172 Robertns
626 2112 657 2170 in
687 2113 936 2172 commentatione
967 2112 1033 2187 illa,
1064 2129 1151 2187 quam
1181 2111 1219 2170 de
1242 2130 1344 2171 monu-

212 2216 326 2273 mentis
360 2215 554 2290 Pergamenis
587 2213 745 2291 scripsit,¹)
778 2213 973 2273 confirmavit.
1021 2213 1158 2274 Ceterum
1191 2230 1280 2290 puer,
1314 2219 1346 2272 ut

213 2315 345 2387 lacteus,
368 2316 396 2376 in
421 2333 530 2376 scaena
553 2316 741 2375 simulacrum
766 2315 859 2376 luisse
881 2315 1008 2375 ridetur.

305 2417 432 2478 Ceterae
456 2435 558 2477 omnes
581 2418 702 2477 ultimae
717 2419 826 2477 aetatis
841 2415 1016 2493 tragoediae
1032 2417 1135 2494 pueris
1150 2423 1265 2493 carent,
1286 2417 1343 2476 uisi

211 2518 295 2580 iorte
319 2519 463 2580 Phrixum
494 2524 524 2580 et
554 2520 752 2597 Chrysippum
777 2537 909 2595 pueros
938 2519 975 2578 ab
998 2518 1142 2595 Euripide
1164 2518 1249 2578 fictos
1279 2536 1345 2578 esse

211 2622 392 2699 suspicaris.
436 2624 476 2681 At
499 2622 685 2700 Chrysippus
706 2641 725 2680 a
747 2623 860 2698 Pelope
882 2622 1047 2697 adamatus,
1077 2621 1163 2681 cuiue
1185 2639 1344 2699 personam

214 2733 300 2786 certe
324 2744 403 2785 unns
426 2742 463 2783 ex
486 2726 581 2785 tribus
604 2726 796 2786 histrionibus
819 2726 960 2809 suscepit,
991 2725 1169 2786 adulescens
1198 2732 1243 2785 eet
1266 2725 1345 2800 cogi·

213 2827 343 2902 tandus3
373 2827 450 2887 idem
474 2828 512 2887 de
533 2829 645 2888 Phrixo
669 2829 761 2898 valet;
789 2827 826 2888 dc
849 2846 909 2903 quo
932 2845 1043 2903 genere
1066 2844 1262 2904 personarum
1287 2827 1345 2886 dis·

214 2931 390 3008 putavimus
413 2949 442 3007 p.
463 2934 534 2991 256.
563 2930 706 2990 Phrixum
733 2936 832 2990 autem
852 2931 1013 2990 Robertum
1037 2933 1159 2989 secutus
1183 2933 1344 3005 propterca

216 3034 343 3093 ultimae
367 3033 458 3092 aetati
478 3031 625 3103 adscribo,
648 3034 718 3108 quia
740 3033 859 3109 longam
876 3051 930 3110 per
945 3033 1053 3091 multas
1069 3036 1184 3092 aetates
1200 3032 1343 3091 maiorum

214 3137 244 3196 in
277 3137 407 3212 prologo
438 3135 702 3205 enumerationem,
735 3135 833 3211 qualis
863 3141 909 3194 est
939 3136 968 3195 iu
991 3134 1047 3210 irg.
1060 3136 1132 3210 819,
1162 3153 1197 3194 ea
1223 3133 1341 3193 demum

214 3243 316 3298 aetate
342 3237 502 3313 Euripides
524 3235 665 3296 adbibere
688 3230 822 3313 coepit²l

302 3543 567 3619 Aristophanis
600 3541 771 3617 deperditas
805 3541 923 3601 fabulae
957 3542 994 3600 ud
1029 3542 1106 3602 bauo
1135 3545 1341 3618 quaestionem

215 3666 277 3706 non
310 3645 448 3720 adhibui,
481 3645 592 3722 quippe
622 3663 659 3703 ex
690 3662 812 3720 quarum
846 3645 1084 3720 perscrutatione
1113 3662 1172 3705 uon
1204 3665 1343 3722 magnum

215 3749 285 3808 huic
309 3748 552 3808 commentationi
575 3747 703 3805 fructum
727 3747 872 3805 oriturum
896 3764 961 3805 esse
984 3751 1131 3822 putarem.

304 3929 326 3998 ¹)
344 3927 438 3983 Jahrb.
448 3928 499 3981 des
509 3925 623 3981 Kaiserl.
634 3924 765 3979 Deutscb.
776 3925 847 3979 arch.
857 3925 956 3993 Instit,
970 3926 1024 3981 vol.
1037 3926 1064 3980 H
1074 3930 1175 3995 (less),
1184 3944 1211 3996 p.
1223 3933 1272 3983 tlh
1282 3943 1343 3998 sqq.

304 4018 327 4082 ²)
347 4012 381 4068 el.
401 4014 443 4067 De
461 4013 570 4078 Arnim,
589 4011 623 4065 de
642 4011 765 4079 prologis
783 4010 949 4079 Euripideie,
974 4012 1084 4067 dissert.
1103 4013 1194 4082 iuuug.
1213 4013 1344 4084 Grypbis·

218 4100 300 4155 wald.
323 4103 394 4153 1852.
