<?xml version="1.0" encoding="UTF-8"?>
<!DOCTYPE html PUBLIC "-//W3C//DTD XHTML 1.0 Transitional//EN"
    "http://www.w3.org/TR/xhtml1/DTD/xhtml1-transitional.dtd">
<html xmlns="http://www.w3.org/1999/xhtml" xml:lang="en" lang="en">
 <head>
  <title>
</title>
<meta http-equiv="Content-Type" content="text/html;charset=utf-8" />
  <meta name='ocr-system' content='tesseract 3.04.00' />
  <meta name='ocr-capabilities' content='ocr_page ocr_carea ocr_par ocr_line ocrx_word'/>
</head>
<body>
  <div class='ocr_page' id='page_1' title='image "./depueroruminres00haymgoog_0062.png"; bbox 0 0 3104 5198; ppageno 0'>
   <div class='ocr_carea' id='block_1_1' title="bbox 1279 423 1340 480">
    <p class='ocr_par' dir='ltr' id='par_1_1' title="bbox 1279 423 1340 480">
     <span class='ocr_line' id='line_1_1' title="bbox 1279 423 1340 480; baseline 0 0"><span class='ocrx_word' id='word_1_1' title='bbox 1279 423 1340 480; x_wconf 70' lang='lat'><strong>2²1</strong></span> 
     </span>
    </p>
   </div>
   <div class='ocr_carea' id='block_1_2' title="bbox 211 590 1342 2600">
    <p class='ocr_par' dir='ltr' id='par_1_2' title="bbox 211 590 1342 2600">
     <span class='ocr_line' id='line_1_2' title="bbox 216 590 1341 669; baseline -0.004 -16"><span class='ocrx_word' id='word_1_2' title='bbox 216 609 357 653; x_wconf 73' lang='lat' dir='ltr'><strong>menum</strong></span> <span class='ocrx_word' id='word_1_3' title='bbox 391 591 547 668; x_wconf 75' lang='lat' dir='ltr'><strong>uffcrebet,</strong></span> <span class='ocrx_word' id='word_1_4' title='bbox 580 591 709 663; x_wconf 72' lang='lat' dir='ltr'><strong>edumei,</strong></span> <span class='ocrx_word' id='word_1_5' title='bbox 742 591 812 669; x_wconf 82' lang='lat' dir='ltr'><strong>quid</strong></span> <span class='ocrx_word' id='word_1_6' title='bbox 845 591 873 652; x_wconf 91' lang='lat' dir='ltr'><strong>ei</strong></span> <span class='ocrx_word' id='word_1_7' title='bbox 907 590 945 651; x_wconf 83' lang='lat' dir='ltr'><strong>sd</strong></span> <span class='ocrx_word' id='word_1_8' title='bbox 975 590 1118 668; x_wconf 88' lang='lat' dir='ltr'><strong>templum</strong></span> <span class='ocrx_word' id='word_1_9' title='bbox 1148 608 1215 650; x_wconf 85' lang='lat' dir='ltr'><strong>eum</strong></span> <span class='ocrx_word' id='word_1_10' title='bbox 1245 607 1341 666; x_wconf 85' lang='lat' dir='ltr'><strong>puero</strong></span> 
     </span>
     <span class='ocr_line' id='line_1_3' title="bbox 218 691 1342 772; baseline -0.002 -19"><span class='ocrx_word' id='word_1_11' title='bbox 218 693 388 755; x_wconf 72' lang='lat' dir='ltr'><strong>iaciendum</strong></span> <span class='ocrx_word' id='word_1_12' title='bbox 411 693 508 765; x_wconf 82' lang='lat' dir='ltr'><strong>suerit,</strong></span> <span class='ocrx_word' id='word_1_13' title='bbox 530 713 592 754; x_wconf 91' lang='lat' dir='ltr'><strong>uou</strong></span> <span class='ocrx_word' id='word_1_14' title='bbox 614 693 704 754; x_wconf 72' lang='lat' dir='ltr'><strong>facile</strong></span> <span class='ocrx_word' id='word_1_15' title='bbox 726 693 916 772; x_wconf 73' lang='lat' dir='ltr'><strong>perspicitur.</strong></span> <span class='ocrx_word' id='word_1_16' title='bbox 959 693 1074 752; x_wconf 73' lang='lat' dir='ltr'><strong>&#39;l&#39;umen</strong></span> <span class='ocrx_word' id='word_1_17' title='bbox 1097 693 1182 752; x_wconf 87' lang='lat' dir='ltr'><strong>locus</strong></span> <span class='ocrx_word' id='word_1_18' title='bbox 1204 691 1342 751; x_wconf 79' lang='lat' dir='ltr'><strong>desertus</strong></span> 
     </span>
     <span class='ocr_line' id='line_1_4' title="bbox 217 793 1341 877; baseline -0.003 -21"><span class='ocrx_word' id='word_1_19' title='bbox 217 795 417 871; x_wconf 74' lang='lat' dir='ltr'><strong>desideretur,</strong></span> <span class='ocrx_word' id='word_1_20' title='bbox 449 815 509 874; x_wconf 82' lang='lat' dir='ltr'><strong>quo</strong></span> <span class='ocrx_word' id='word_1_21' title='bbox 538 795 659 877; x_wconf 86' lang='lat' dir='ltr'><strong>Septem</strong></span> <span class='ocrx_word' id='word_1_22' title='bbox 690 800 795 857; x_wconf 80' lang='lat' dir='ltr'><strong>coutru</strong></span> <span class='ocrx_word' id='word_1_23' title='bbox 822 796 945 856; x_wconf 74' lang='lat' dir='ltr'><strong>Thebes</strong></span> <span class='ocrx_word' id='word_1_24' title='bbox 979 795 1073 855; x_wconf 87' lang='lat' dir='ltr'><strong>duces</strong></span> <span class='ocrx_word' id='word_1_25' title='bbox 1106 793 1199 854; x_wconf 70' lang='lat' dir='ltr'><strong>deleti</strong></span> <span class='ocrx_word' id='word_1_26' title='bbox 1228 793 1341 854; x_wconf 82' lang='lat' dir='ltr'><strong>iontem</strong></span> 
     </span>
     <span class='ocr_line' id='line_1_5' title="bbox 217 893 1341 976; baseline -0.004 -17"><span class='ocrx_word' id='word_1_27' title='bbox 217 904 373 975; x_wconf 68' lang='lat' dir='ltr'><strong>quaeruut</strong></span> <span class='ocrx_word' id='word_1_28' title='bbox 416 901 558 959; x_wconf 80' lang='lat' dir='ltr'><strong>Fortusse</strong></span> <span class='ocrx_word' id='word_1_29' title='bbox 587 898 667 976; x_wconf 72' lang='lat' dir='ltr'><strong>opud</strong></span> <span class='ocrx_word' id='word_1_30' title='bbox 690 898 863 975; x_wconf 77' lang='lat' dir='ltr'><strong>Euripidem</strong></span> <span class='ocrx_word' id='word_1_31' title='bbox 895 915 1017 975; x_wconf 90' lang='lat' dir='ltr'><strong>quoque</strong></span> <span class='ocrx_word' id='word_1_32' title='bbox 1046 897 1199 957; x_wconf 72' lang='lat' dir='ltr'><strong>oraculum</strong></span> <span class='ocrx_word' id='word_1_33' title='bbox 1223 915 1260 956; x_wconf 82' lang='lat' dir='ltr'><strong>ex</strong></span> <span class='ocrx_word' id='word_1_34' title='bbox 1283 893 1341 955; x_wconf 90' lang='lat' dir='ltr'><strong>dco</strong></span> 
     </span>
     <span class='ocr_line' id='line_1_6' title="bbox 217 991 1341 1078; baseline -0.004 -17"><span class='ocrx_word' id='word_1_35' title='bbox 217 1000 431 1078; x_wconf 63' lang='lat' dir='ltr'><strong>qurerebutun</strong></span> <span class='ocrx_word' id='word_1_36' title='bbox 464 1002 543 1061; x_wconf 88' lang='lat' dir='ltr'><strong>sicut</strong></span> <span class='ocrx_word' id='word_1_37' title='bbox 575 999 655 1077; x_wconf 72' lang='lat' dir='ltr'><strong>opud</strong></span> <span class='ocrx_word' id='word_1_38' title='bbox 685 1000 811 1061; x_wconf 71' lang='lat' dir='ltr'><strong>Stetium</strong></span> <span class='ocrx_word' id='word_1_39' title='bbox 842 993 950 1078; x_wconf 82' lang='lat' dir='ltr'><strong>(Theb.</strong></span> <span class='ocrx_word' id='word_1_40' title='bbox 962 1001 998 1076; x_wconf 86' lang='lat' dir='ltr'><strong>V,</strong></span> <span class='ocrx_word' id='word_1_41' title='bbox 1018 1001 1080 1060; x_wconf 83' lang='grc'><strong>638</strong></span> <span class='ocrx_word' id='word_1_42' title='bbox 1095 991 1175 1076; x_wconf 85' lang='lat' dir='ltr'><strong>sqq.)</strong></span> <span class='ocrx_word' id='word_1_43' title='bbox 1204 997 1341 1058; x_wconf 82' lang='lat' dir='ltr'><strong>videmus</strong></span> 
     </span>
     <span class='ocr_line' id='line_1_7' title="bbox 217 1100 1340 1181; baseline -0.002 -19"><span class='ocrx_word' id='word_1_44' title='bbox 217 1103 316 1162; x_wconf 85' lang='lat' dir='ltr'><strong>iorem</strong></span> <span class='ocrx_word' id='word_1_45' title='bbox 345 1103 491 1181; x_wconf 81' lang='lat' dir='ltr'><strong>Lycurgo</strong></span> <span class='ocrx_word' id='word_1_46' title='bbox 524 1102 680 1162; x_wconf 75' lang='lat' dir='ltr'><strong>edversum</strong></span> <span class='ocrx_word' id='word_1_47' title='bbox 713 1101 863 1162; x_wconf 72' lang='lat' dir='ltr'><strong>fortunam</strong></span> <span class='ocrx_word' id='word_1_48' title='bbox 897 1101 1082 1178; x_wconf 74' lang='lat' dir='ltr'><strong>praedicere,</strong></span> <span class='ocrx_word' id='word_1_49' title='bbox 1113 1106 1145 1161; x_wconf 88' lang='lat' dir='ltr'><strong>ct</strong></span> <span class='ocrx_word' id='word_1_50' title='bbox 1175 1100 1340 1160; x_wconf 82' lang='lat' dir='ltr'><strong>secundum</strong></span> 
     </span>
     <span class='ocr_line' id='line_1_8' title="bbox 216 1203 1341 1282; baseline -0.002 -18"><span class='ocrx_word' id='word_1_51' title='bbox 216 1205 370 1282; x_wconf 79' lang='lat' dir='ltr'><strong>Hyginum</strong></span> <span class='ocrx_word' id='word_1_52' title='bbox 386 1203 458 1276; x_wconf 75' lang='lat' dir='ltr'><strong>(iub.</strong></span> <span class='ocrx_word' id='word_1_53' title='bbox 473 1203 610 1276; x_wconf 80' lang='lat' dir='ltr'>LXXIV)</span> <span class='ocrx_word' id='word_1_54' title='bbox 633 1204 802 1282; x_wconf 76' lang='lat' dir='ltr'><strong>Hypsipyle</strong></span> <span class='ocrx_word' id='word_1_55' title='bbox 825 1221 1000 1280; x_wconf 85' lang='lat' dir='ltr'><strong>responsum</strong></span> <span class='ocrx_word' id='word_1_56' title='bbox 1023 1208 1194 1280; x_wconf 70' lang='lat' dir='ltr'><strong>acceperut,</strong></span> <span class='ocrx_word' id='word_1_57' title='bbox 1215 1220 1253 1262; x_wconf 91' lang='lat' dir='ltr'><strong>ue</strong></span> <span class='ocrx_word' id='word_1_58' title='bbox 1268 1219 1341 1279; x_wconf 78' lang='lat' dir='ltr'><strong>pue</strong></span> 
     </span>
     <span class='ocr_line' id='line_1_9' title="bbox 216 1304 1341 1385; baseline -0.004 -17"><span class='ocrx_word' id='word_1_59' title='bbox 216 1327 280 1368; x_wconf 94' lang='lat' dir='ltr'><strong>rum</strong></span> <span class='ocrx_word' id='word_1_60' title='bbox 303 1309 334 1367; x_wconf 96' lang='lat' dir='ltr'><strong>in</strong></span> <span class='ocrx_word' id='word_1_61' title='bbox 357 1313 438 1368; x_wconf 80' lang='lat' dir='ltr'><strong>terru</strong></span> <span class='ocrx_word' id='word_1_62' title='bbox 460 1309 634 1385; x_wconf 71' lang='lat' dir='ltr'><strong>deponeret,</strong></span> <span class='ocrx_word' id='word_1_63' title='bbox 656 1309 828 1384; x_wconf 83' lang='lat' dir='ltr'><strong>priusqunm</strong></span> <span class='ocrx_word' id='word_1_64' title='bbox 851 1311 952 1384; x_wconf 87' lang='lat' dir='ltr'><strong>posset</strong></span> <span class='ocrx_word' id='word_1_65' title='bbox 974 1306 1142 1382; x_wconf 78' lang='lat' dir='ltr'><strong>umbulure3</strong></span> <span class='ocrx_word' id='word_1_66' title='bbox 1163 1323 1242 1382; x_wconf 77' lang='lat' dir='ltr'><strong>qune</strong></span> <span class='ocrx_word' id='word_1_67' title='bbox 1264 1304 1341 1365; x_wconf 74' lang='lat' dir='ltr'><strong>dune</strong></span> 
     </span>
     <span class='ocr_line' id='line_1_10' title="bbox 216 1407 1340 1485; baseline -0.004 -15"><span class='ocrx_word' id='word_1_68' title='bbox 216 1412 406 1470; x_wconf 68' lang='lat' dir='ltr'><strong>narrationes</strong></span> <span class='ocrx_word' id='word_1_69' title='bbox 428 1410 510 1471; x_wconf 76' lang='lat' dir='ltr'><strong>buud</strong></span> <span class='ocrx_word' id='word_1_70' title='bbox 530 1411 592 1469; x_wconf 90' lang='lat' dir='ltr'><strong>scio</strong></span> <span class='ocrx_word' id='word_1_71' title='bbox 608 1428 645 1469; x_wconf 81' lang='lat' dir='ltr'><strong>uu</strong></span> <span class='ocrx_word' id='word_1_72' title='bbox 662 1409 700 1469; x_wconf 79' lang='lat' dir='ltr'><strong>nd</strong></span> <span class='ocrx_word' id='word_1_73' title='bbox 715 1409 794 1470; x_wconf 89' lang='lat' dir='ltr'><strong>idem</strong></span> <span class='ocrx_word' id='word_1_74' title='bbox 810 1407 932 1468; x_wconf 76' lang='lat' dir='ltr'><strong>iubulne</strong></span> <span class='ocrx_word' id='word_1_75' title='bbox 947 1409 1116 1485; x_wconf 83' lang='lat' dir='ltr'><strong>primitivne</strong></span> <span class='ocrx_word' id='word_1_76' title='bbox 1130 1412 1340 1484; x_wconf 72' lang='lat' dir='ltr'><strong>argumentum</strong></span> 
     </span>
     <span class='ocr_line' id='line_1_11' title="bbox 216 1509 1341 1589; baseline -0.004 -15"><span class='ocrx_word' id='word_1_77' title='bbox 216 1513 395 1574; x_wconf 78' lang='lat' dir='ltr'><strong>referendue</strong></span> <span class='ocrx_word' id='word_1_78' title='bbox 416 1514 484 1573; x_wconf 85' lang='lat' dir='ltr'><strong>siut</strong></span> <span class='ocrx_word' id='word_1_79' title='bbox 528 1514 609 1572; x_wconf 88' lang='lat' dir='ltr'><strong>Puer</strong></span> <span class='ocrx_word' id='word_1_80' title='bbox 632 1513 684 1572; x_wconf 87' lang='lat' dir='ltr'><strong>iiie</strong></span> <span class='ocrx_word' id='word_1_81' title='bbox 706 1513 796 1589; x_wconf 90' lang='lat' dir='ltr'><strong>igitur</strong></span> <span class='ocrx_word' id='word_1_82' title='bbox 818 1513 848 1571; x_wconf 93' lang='lat' dir='ltr'><strong>iu</strong></span> <span class='ocrx_word' id='word_1_83' title='bbox 870 1513 994 1588; x_wconf 78' lang='lat' dir='ltr'><strong>untiquu</strong></span> <span class='ocrx_word' id='word_1_84' title='bbox 1016 1510 1118 1570; x_wconf 72' lang='lat' dir='ltr'><strong>subula</strong></span> <span class='ocrx_word' id='word_1_85' title='bbox 1145 1528 1219 1570; x_wconf 77' lang='lat' dir='ltr'><strong>saue</strong></span> <span class='ocrx_word' id='word_1_86' title='bbox 1240 1509 1341 1570; x_wconf 83' lang='lat' dir='ltr'><strong>iuinns</strong></span> 
     </span>
     <span class='ocr_line' id='line_1_12' title="bbox 215 1610 1341 1694; baseline -0.004 -17"><span class='ocrx_word' id='word_1_87' title='bbox 215 1617 375 1694; x_wconf 75' lang='lat' dir='ltr'><strong>cogitatur,</strong></span> <span class='ocrx_word' id='word_1_88' title='bbox 397 1618 448 1693; x_wconf 82' lang='lat' dir='ltr'><strong>qui</strong></span> <span class='ocrx_word' id='word_1_89' title='bbox 464 1617 543 1676; x_wconf 87' lang='lat' dir='ltr'><strong>uluis</strong></span> <span class='ocrx_word' id='word_1_90' title='bbox 557 1610 733 1692; x_wconf 84' lang='lat' dir='ltr'><strong>tenentur.¹)</strong></span> <span class='ocrx_word' id='word_1_91' title='bbox 766 1613 938 1690; x_wconf 87' lang='lat' dir='ltr'><strong>Euripidem</strong></span> <span class='ocrx_word' id='word_1_92' title='bbox 954 1613 984 1672; x_wconf 93' lang='lat' dir='ltr'><strong>id</strong></span> <span class='ocrx_word' id='word_1_93' title='bbox 1002 1631 1123 1691; x_wconf 88' lang='lat' dir='ltr'><strong>quoque</strong></span> <span class='ocrx_word' id='word_1_94' title='bbox 1139 1615 1169 1672; x_wconf 93' lang='lat' dir='ltr'><strong>in</strong></span> <span class='ocrx_word' id='word_1_95' title='bbox 1184 1611 1341 1689; x_wconf 70' lang='lat' dir='ltr'><strong>tragoedis</strong></span> 
     </span>
     <span class='ocr_line' id='line_1_13' title="bbox 214 1715 1342 1794; baseline -0.005 -14"><span class='ocrx_word' id='word_1_96' title='bbox 214 1736 271 1780; x_wconf 81' lang='lat' dir='ltr'><strong>sun</strong></span> <span class='ocrx_word' id='word_1_97' title='bbox 292 1718 450 1780; x_wconf 68' lang='lat' dir='ltr'><strong>retinuisse</strong></span> <span class='ocrx_word' id='word_1_98' title='bbox 474 1737 542 1778; x_wconf 90' lang='lat' dir='ltr'><strong>cum</strong></span> <span class='ocrx_word' id='word_1_99' title='bbox 564 1719 614 1777; x_wconf 81' lang='lat' dir='ltr'><strong>vel</strong></span> <span class='ocrx_word' id='word_1_100' title='bbox 637 1736 673 1778; x_wconf 92' lang='lat' dir='ltr'><strong>eo</strong></span> <span class='ocrx_word' id='word_1_101' title='bbox 696 1717 849 1794; x_wconf 87' lang='lat' dir='ltr'><strong>probetur,</strong></span> <span class='ocrx_word' id='word_1_102' title='bbox 882 1715 962 1792; x_wconf 90' lang='lat' dir='ltr'><strong>quod</strong></span> <span class='ocrx_word' id='word_1_103' title='bbox 993 1716 1114 1775; x_wconf 90' lang='lat' dir='ltr'><strong>omniuo</strong></span> <span class='ocrx_word' id='word_1_104' title='bbox 1143 1733 1210 1775; x_wconf 91' lang='lat' dir='ltr'><strong>eum</strong></span> <span class='ocrx_word' id='word_1_105' title='bbox 1240 1715 1342 1774; x_wconf 90' lang='lat' dir='ltr'><strong>iubis</strong></span> 
     </span>
     <span class='ocr_line' id='line_1_14' title="bbox 212 1815 1341 1897; baseline -0.004 -16"><span class='ocrx_word' id='word_1_106' title='bbox 212 1820 305 1882; x_wconf 87' lang='lat' dir='ltr'><strong>rebus</strong></span> <span class='ocrx_word' id='word_1_107' title='bbox 335 1821 488 1897; x_wconf 79' lang='lat' dir='ltr'><strong>untiquum</strong></span> <span class='ocrx_word' id='word_1_108' title='bbox 516 1820 687 1880; x_wconf 81' lang='lat' dir='ltr'><strong>memorium</strong></span> <span class='ocrx_word' id='word_1_109' title='bbox 710 1820 795 1896; x_wconf 87' lang='lat' dir='ltr'><strong>sequi</strong></span> <span class='ocrx_word' id='word_1_110' title='bbox 818 1817 955 1878; x_wconf 83' lang='lat' dir='ltr'><strong>videmus</strong></span> <span class='ocrx_word' id='word_1_111' title='bbox 977 1817 1029 1889; x_wconf 79' lang='lat' dir='ltr'><strong>(ci.</strong></span> <span class='ocrx_word' id='word_1_112' title='bbox 1050 1815 1204 1893; x_wconf 86' lang='lat' dir='ltr'><strong>Orestem,</strong></span> <span class='ocrx_word' id='word_1_113' title='bbox 1232 1817 1341 1894; x_wconf 73' lang='lat' dir='ltr'><strong>Astyn-</strong></span> 
     </span>
     <span class='ocr_line' id='line_1_15' title="bbox 213 1919 1341 2001; baseline -0.004 -17"><span class='ocrx_word' id='word_1_114' title='bbox 213 1929 332 1984; x_wconf 78' lang='lat' dir='ltr'><strong>nnetem</strong></span> <span class='ocrx_word' id='word_1_115' title='bbox 355 1921 523 2001; x_wconf 80' lang='lat' dir='ltr'><strong>purvulos),</strong></span> <span class='ocrx_word' id='word_1_116' title='bbox 545 1930 607 1984; x_wconf 89' lang='lat' dir='ltr'><strong>tum</strong></span> <span class='ocrx_word' id='word_1_117' title='bbox 630 1923 843 2000; x_wconf 80' lang='lat' dir='ltr'><strong>Aristopbuuis</strong></span> <span class='ocrx_word' id='word_1_118' title='bbox 864 1919 1030 1999; x_wconf 71' lang='lat' dir='ltr'><strong>perodiis2)</strong></span> <span class='ocrx_word' id='word_1_119' title='bbox 1053 1919 1191 1980; x_wconf 82' lang='lat' dir='ltr'><strong>efficitur.</strong></span> <span class='ocrx_word' id='word_1_120' title='bbox 1235 1921 1341 1996; x_wconf 76' lang='lat' dir='ltr'><strong>ltuquc</strong></span> 
     </span>
     <span class='ocr_line' id='line_1_16' title="bbox 214 2021 1340 2103; baseline -0.004 -17"><span class='ocrx_word' id='word_1_121' title='bbox 214 2045 276 2086; x_wconf 93' lang='lat' dir='ltr'><strong>non</strong></span> <span class='ocrx_word' id='word_1_122' title='bbox 298 2026 388 2086; x_wconf 79' lang='lat' dir='ltr'><strong>ulium</strong></span> <span class='ocrx_word' id='word_1_123' title='bbox 411 2027 525 2103; x_wconf 71' lang='lat' dir='ltr'><strong>primae</strong></span> <span class='ocrx_word' id='word_1_124' title='bbox 548 2027 628 2086; x_wconf 84' lang='lat' dir='ltr'><strong>iliius</strong></span> <span class='ocrx_word' id='word_1_125' title='bbox 646 2043 775 2086; x_wconf 76' lang='lat' dir='ltr'><strong>senense</strong></span> <span class='ocrx_word' id='word_1_126' title='bbox 790 2025 948 2100; x_wconf 77' lang='lat' dir='ltr'><strong>imugiuem</strong></span> <span class='ocrx_word' id='word_1_127' title='bbox 965 2025 1063 2083; x_wconf 82' lang='lat' dir='ltr'><strong>uuimo</strong></span> <span class='ocrx_word' id='word_1_128' title='bbox 1079 2021 1340 2091; x_wconf 72' lang='lat' dir='ltr'><strong>conformabimus,</strong></span> 
     </span>
     <span class='ocr_line' id='line_1_17' title="bbox 211 2124 1341 2206; baseline -0.005 -19"><span class='ocrx_word' id='word_1_129' title='bbox 211 2134 303 2205; x_wconf 74' lang='lat' dir='ltr'><strong>atque</strong></span> <span class='ocrx_word' id='word_1_130' title='bbox 327 2135 360 2188; x_wconf 93' lang='lat' dir='ltr'><strong>ut</strong></span> <span class='ocrx_word' id='word_1_131' title='bbox 383 2129 529 2188; x_wconf 86' lang='lat' dir='ltr'><strong>nutricem</strong></span> <span class='ocrx_word' id='word_1_132' title='bbox 560 2129 719 2206; x_wconf 86' lang='lat' dir='ltr'><strong>puerulum</strong></span> <span class='ocrx_word' id='word_1_133' title='bbox 748 2127 826 2187; x_wconf 87' lang='lat' dir='ltr'><strong>ulnis</strong></span> <span class='ocrx_word' id='word_1_134' title='bbox 847 2131 1013 2201; x_wconf 80' lang='lat' dir='ltr'><strong>tenentem,</strong></span> <span class='ocrx_word' id='word_1_135' title='bbox 1043 2125 1227 2201; x_wconf 74' lang='lat' dir='ltr'><strong>crepitucuio</strong></span> <span class='ocrx_word' id='word_1_136' title='bbox 1249 2124 1341 2201; x_wconf 73' lang='lat' dir='ltr'><strong>(zpo-</strong></span> 
     </span>
     <span class='ocr_line' id='line_1_18' title="bbox 211 2220 1338 2309; baseline -0.001 -21"><span class='ocrx_word' id='word_1_137' title='bbox 211 2220 318 2309; x_wconf 77' lang='grc' dir='ltr'><strong><em>τάλῳ,</em></strong></span> <span class='ocrx_word' id='word_1_138' title='bbox 342 2227 485 2309; x_wconf 58' lang='lat' dir='ltr'><strong>fugace)</strong></span> <span class='ocrx_word' id='word_1_139' title='bbox 515 2238 546 2291; x_wconf 90' lang='lat' dir='ltr'><strong>et</strong></span> <span class='ocrx_word' id='word_1_140' title='bbox 575 2229 755 2289; x_wconf 80' lang='lat' dir='ltr'><strong>curmiurbus</strong></span> <span class='ocrx_word' id='word_1_141' title='bbox 783 2230 847 2289; x_wconf 85' lang='lat' dir='ltr'><strong>sire</strong></span> <span class='ocrx_word' id='word_1_142' title='bbox 876 2227 1085 2288; x_wconf 69' lang='lat' dir='ltr'><strong>blandimentis</strong></span> <span class='ocrx_word' id='word_1_143' title='bbox 1107 2226 1177 2304; x_wconf 84' lang='lat' dir='ltr'><strong>(irg.</strong></span> <span class='ocrx_word' id='word_1_144' title='bbox 1190 2225 1264 2297; x_wconf 77' lang='lat'><strong>756)</strong></span> <span class='ocrx_word' id='word_1_145' title='bbox 1287 2226 1338 2287; x_wconf 75' lang='lat' dir='ltr'><strong>de</strong></span> 
     </span>
     <span class='ocr_line' id='line_1_19' title="bbox 211 2327 1337 2410; baseline -0.003 -19"><span class='ocrx_word' id='word_1_146' title='bbox 211 2333 374 2393; x_wconf 76' lang='lat' dir='ltr'><strong>leotnutem</strong></span> <span class='ocrx_word' id='word_1_147' title='bbox 397 2334 572 2410; x_wconf 81' lang='lat' dir='ltr'><strong>cogitemus</strong></span> <span class='ocrx_word' id='word_1_148' title='bbox 602 2334 702 2408; x_wconf 79' lang='lat' dir='ltr'><strong>Atque</strong></span> <span class='ocrx_word' id='word_1_149' title='bbox 724 2333 748 2391; x_wconf 85' lang='lat' dir='ltr'><strong>si</strong></span> <span class='ocrx_word' id='word_1_150' title='bbox 769 2331 855 2391; x_wconf 92' lang='lat' dir='ltr'><strong>uobis</strong></span> <span class='ocrx_word' id='word_1_151' title='bbox 871 2335 1009 2391; x_wconf 73' lang='lat' dir='ltr'><strong>constare</strong></span> <span class='ocrx_word' id='word_1_152' title='bbox 1024 2330 1172 2406; x_wconf 85' lang='lat' dir='ltr'><strong>volumus,</strong></span> <span class='ocrx_word' id='word_1_153' title='bbox 1192 2327 1337 2389; x_wconf 71' lang='lat' dir='ltr'><strong>insontem</strong></span> 
     </span>
     <span class='ocr_line' id='line_1_20' title="bbox 213 2430 1339 2512; baseline -0.005 -17"><span class='ocrx_word' id='word_1_154' title='bbox 213 2435 376 2496; x_wconf 73' lang='lat' dir='ltr'><strong>simulacro</strong></span> <span class='ocrx_word' id='word_1_155' title='bbox 398 2439 653 2512; x_wconf 77' lang='lat' dir='ltr'><strong>reprseseututum</strong></span> <span class='ocrx_word' id='word_1_156' title='bbox 677 2451 743 2493; x_wconf 90' lang='lat' dir='ltr'><strong>esse</strong></span> <span class='ocrx_word' id='word_1_157' title='bbox 765 2432 930 2510; x_wconf 69' lang='lat' dir='ltr'><strong>putendum</strong></span> <span class='ocrx_word' id='word_1_158' title='bbox 955 2438 1009 2509; x_wconf 86' lang='lat' dir='ltr'><strong>est,</strong></span> <span class='ocrx_word' id='word_1_159' title='bbox 1031 2432 1146 2492; x_wconf 81' lang='lat' dir='ltr'><strong>etiumsi</strong></span> <span class='ocrx_word' id='word_1_160' title='bbox 1170 2430 1339 2507; x_wconf 74' lang='lat' dir='ltr'><strong>irugmcuto</strong></span> 
     </span>
     <span class='ocr_line' id='line_1_21' title="bbox 217 2536 773 2600; baseline -0.005 -3"><span class='ocrx_word' id='word_1_161' title='bbox 217 2540 280 2600; x_wconf 74' lang='lat'><strong>756</strong></span> <span class='ocrx_word' id='word_1_162' title='bbox 304 2539 384 2598; x_wconf 72' lang='lat' dir='ltr'><strong>aetio</strong></span> <span class='ocrx_word' id='word_1_163' title='bbox 407 2540 471 2598; x_wconf 90' lang='lat' dir='ltr'><strong>eius</strong></span> <span class='ocrx_word' id='word_1_164' title='bbox 492 2537 617 2597; x_wconf 75' lang='lat' dir='ltr'><strong>iudicari</strong></span> <span class='ocrx_word' id='word_1_165' title='bbox 641 2536 773 2596; x_wconf 83' lang='lat' dir='ltr'><strong>videtur:</strong></span> 
     </span>
    </p>
   </div>
   <div class='ocr_carea' id='block_1_3' title="bbox 520 2635 1016 2734">
    <p class='ocr_par' dir='ltr' id='par_1_3' title="bbox 520 2635 1016 2734">
     <span class='ocr_line' id='line_1_22' title="bbox 520 2635 1016 2734; baseline -0.008 -19"><span class='ocrx_word' id='word_1_166' title='bbox 520 2635 715 2734; x_wconf 66' lang='lat' dir='ltr'><strong>aspidai&#39;oi</strong></span> <span class='ocrx_word' id='word_1_167' title='bbox 737 2649 860 2713; x_wconf 75' lang='grc' dir='ltr'><em>τέκνον</em></span> <span class='ocrx_word' id='word_1_168' title='bbox 881 2640 1016 2724; x_wconf 74' lang='grc' dir='ltr'><strong><em>ὠλένας.</em></strong></span> 
     </span>
    </p>
   </div>
   <div class='ocr_carea' id='block_1_4' title="bbox 210 2791 1339 4000">
    <p class='ocr_par' dir='ltr' id='par_1_4' title="bbox 210 2791 1339 4000">
     <span class='ocr_line' id='line_1_23' title="bbox 210 2791 1338 2870; baseline -0.003 -16"><span class='ocrx_word' id='word_1_169' title='bbox 210 2795 289 2855; x_wconf 80' lang='lat' dir='ltr'><strong>Num</strong></span> <span class='ocrx_word' id='word_1_170' title='bbox 313 2813 351 2854; x_wconf 84' lang='lat' dir='ltr'><strong>ex</strong></span> <span class='ocrx_word' id='word_1_171' title='bbox 374 2796 483 2854; x_wconf 88' lang='lat' dir='ltr'><strong>tbreno</strong></span> <span class='ocrx_word' id='word_1_172' title='bbox 505 2813 541 2854; x_wconf 71' lang='lat' dir='ltr'><strong>ee</strong></span> <span class='ocrx_word' id='word_1_173' title='bbox 563 2793 655 2853; x_wconf 79' lang='lat' dir='ltr'><strong>verbu</strong></span> <span class='ocrx_word' id='word_1_174' title='bbox 676 2796 798 2870; x_wconf 80' lang='lat' dir='ltr'><strong>sumptu</strong></span> <span class='ocrx_word' id='word_1_175' title='bbox 820 2809 885 2852; x_wconf 88' lang='lat' dir='ltr'><strong>esse</strong></span> <span class='ocrx_word' id='word_1_176' title='bbox 907 2796 1015 2868; x_wconf 75' lang='lat' dir='ltr'><strong>putare</strong></span> <span class='ocrx_word' id='word_1_177' title='bbox 1037 2791 1143 2868; x_wconf 87' lang='lat' dir='ltr'><strong>nolim,</strong></span> <span class='ocrx_word' id='word_1_178' title='bbox 1169 2792 1241 2868; x_wconf 84' lang='lat' dir='ltr'><strong>quin</strong></span> <span class='ocrx_word' id='word_1_179' title='bbox 1262 2792 1338 2851; x_wconf 90' lang='lat' dir='ltr'><strong>eius·</strong></span> 
     </span>
     <span class='ocr_line' id='line_1_24' title="bbox 211 2892 1339 2973; baseline -0.003 -17"><span class='ocrx_word' id='word_1_180' title='bbox 211 2895 294 2958; x_wconf 90' lang='lat' dir='ltr'><strong>modi</strong></span> <span class='ocrx_word' id='word_1_181' title='bbox 318 2898 457 2970; x_wconf 71' lang='lat' dir='ltr'><strong>lumenta,</strong></span> <span class='ocrx_word' id='word_1_182' title='bbox 479 2897 586 2973; x_wconf 85' lang='lat' dir='ltr'><strong>quibus</strong></span> <span class='ocrx_word' id='word_1_183' title='bbox 608 2897 694 2972; x_wconf 82' lang='lat' dir='ltr'><strong>quusi</strong></span> <span class='ocrx_word' id='word_1_184' title='bbox 718 2896 806 2954; x_wconf 83' lang='lat' dir='ltr'><strong>visus</strong></span> <span class='ocrx_word' id='word_1_185' title='bbox 821 2899 957 2954; x_wconf 87' lang='lat' dir='ltr'><strong>mortuus</strong></span> <span class='ocrx_word' id='word_1_186' title='bbox 972 2892 1084 2969; x_wconf 76' lang='lat' dir='ltr'><strong>aliquid</strong></span> <span class='ocrx_word' id='word_1_187' title='bbox 1101 2912 1194 2971; x_wconf 72' lang='lat' dir='ltr'><strong>egere</strong></span> <span class='ocrx_word' id='word_1_188' title='bbox 1210 2893 1339 2969; x_wconf 84' lang='lat' dir='ltr'><strong>iubetur,</strong></span> 
     </span>
     <span class='ocr_line' id='line_1_25' title="bbox 211 2995 1337 3076; baseline -0.004 -17"><span class='ocrx_word' id='word_1_189' title='bbox 211 2999 295 3076; x_wconf 82' lang='lat' dir='ltr'><strong>upud</strong></span> <span class='ocrx_word' id='word_1_190' title='bbox 326 3000 458 3076; x_wconf 74' lang='lat' dir='ltr'><strong>tragicos</strong></span> <span class='ocrx_word' id='word_1_191' title='bbox 487 3018 547 3059; x_wconf 90' lang='lat' dir='ltr'><strong>uon</strong></span> <span class='ocrx_word' id='word_1_192' title='bbox 580 2998 659 3057; x_wconf 84' lang='lat' dir='ltr'><strong>novi.</strong></span> <span class='ocrx_word' id='word_1_193' title='bbox 703 2999 807 3073; x_wconf 73' lang='lat' dir='ltr'><strong>ltaque</strong></span> <span class='ocrx_word' id='word_1_194' title='bbox 837 2996 911 3056; x_wconf 80' lang='lat' dir='ltr'><strong>bueo</strong></span> <span class='ocrx_word' id='word_1_195' title='bbox 941 3000 1012 3055; x_wconf 93' lang='lat' dir='ltr'><strong>suut</strong></span> <span class='ocrx_word' id='word_1_196' title='bbox 1041 2996 1134 3055; x_wconf 80' lang='lat' dir='ltr'><strong>verbu</strong></span> <span class='ocrx_word' id='word_1_197' title='bbox 1161 2997 1285 3055; x_wconf 86' lang='lat' dir='ltr'><strong>nutricis</strong></span> <span class='ocrx_word' id='word_1_198' title='bbox 1306 2995 1337 3055; x_wconf 93' lang='lat' dir='ltr'><strong>iu</strong></span> 
     </span>
     <span class='ocr_line' id='line_1_26' title="bbox 210 3097 1337 3179; baseline -0.004 -18"><span class='ocrx_word' id='word_1_199' title='bbox 210 3102 310 3179; x_wconf 82' lang='lat' dir='ltr'><strong>primu</strong></span> <span class='ocrx_word' id='word_1_200' title='bbox 338 3119 449 3161; x_wconf 74' lang='lat' dir='ltr'><strong>soaeuu</strong></span> <span class='ocrx_word' id='word_1_201' title='bbox 478 3119 573 3176; x_wconf 88' lang='lat' dir='ltr'><strong>puero</strong></span> <span class='ocrx_word' id='word_1_202' title='bbox 603 3098 798 3175; x_wconf 79' lang='lat' dir='ltr'><strong>blandientis,</strong></span> <span class='ocrx_word' id='word_1_203' title='bbox 828 3098 875 3158; x_wconf 86' lang='lat' dir='ltr'><strong>eui</strong></span> <span class='ocrx_word' id='word_1_204' title='bbox 899 3098 1067 3158; x_wconf 82' lang='lat' dir='ltr'><strong>condicioni</strong></span> <span class='ocrx_word' id='word_1_205' title='bbox 1090 3097 1225 3175; x_wconf 72' lang='lat' dir='ltr'><strong>opprime</strong></span> <span class='ocrx_word' id='word_1_206' title='bbox 1247 3098 1337 3157; x_wconf 82' lang='lat' dir='ltr'><strong>etium</strong></span> 
     </span>
     <span class='ocr_line' id='line_1_27' title="bbox 215 3199 1338 3280; baseline -0.002 -17"><span class='ocrx_word' id='word_1_207' title='bbox 215 3205 332 3265; x_wconf 89' lang='lat' dir='ltr'><strong>numeri</strong></span> <span class='ocrx_word' id='word_1_208' title='bbox 355 3199 399 3279; x_wconf 91' lang='lat' dir='ltr'><strong>(ut</strong></span> <span class='ocrx_word' id='word_1_209' title='bbox 422 3203 542 3264; x_wconf 83' lang='lat' dir='ltr'><strong>videtur</strong></span> <span class='ocrx_word' id='word_1_210' title='bbox 564 3203 715 3280; x_wconf 84' lang='lat' dir='ltr'><strong>glyoouei)</strong></span> <span class='ocrx_word' id='word_1_211' title='bbox 737 3204 920 3263; x_wconf 83' lang='lat' dir='ltr'><strong>conveniunt</strong></span> <span class='ocrx_word' id='word_1_212' title='bbox 940 3201 991 3277; x_wconf 82' lang='lat' dir='ltr'><strong>(oi.</strong></span> <span class='ocrx_word' id='word_1_213' title='bbox 1006 3202 1128 3262; x_wconf 84' lang='lat' dir='ltr'><strong>Terent</strong></span> <span class='ocrx_word' id='word_1_214' title='bbox 1147 3206 1243 3262; x_wconf 74' lang='lat'>2752:</span> <span class='ocrx_word' id='word_1_215' title='bbox 1273 3202 1338 3276; x_wconf 82' lang='lat' dir='ltr'><strong>ipsc</strong></span> 
     </span>
     <span class='ocr_line' id='line_1_28' title="bbox 212 3304 1334 3382; baseline -0.002 -16"><span class='ocrx_word' id='word_1_216' title='bbox 212 3307 324 3366; x_wconf 80' lang='lat' dir='ltr'><strong>etenim</strong></span> <span class='ocrx_word' id='word_1_217' title='bbox 341 3322 432 3366; x_wconf 77' lang='lat' dir='ltr'><strong>sortus</strong></span> <span class='ocrx_word' id='word_1_218' title='bbox 446 3307 565 3366; x_wconf 82' lang='lat' dir='ltr'><strong>indicat</strong></span> <span class='ocrx_word' id='word_1_219' title='bbox 588 3322 652 3366; x_wconf 79' lang='lat' dir='ltr'><strong>csse</strong></span> <span class='ocrx_word' id='word_1_220' title='bbox 674 3306 868 3365; x_wconf 76' lang='lat' dir='ltr'><strong>doctoribus</strong></span> <span class='ocrx_word' id='word_1_221' title='bbox 890 3304 1018 3379; x_wconf 76' lang='lat' dir='ltr'><strong>apium);</strong></span> <span class='ocrx_word' id='word_1_222' title='bbox 1041 3310 1198 3382; x_wconf 65' lang='lat' dir='ltr'><strong>praetereo</strong></span> <span class='ocrx_word' id='word_1_223' title='bbox 1221 3306 1334 3365; x_wconf 80' lang='lat' dir='ltr'><strong>Aristo·</strong></span> 
     </span>
     <span class='ocr_line' id='line_1_29' title="bbox 212 3395 1335 3488; baseline -0.002 -19"><span class='ocrx_word' id='word_1_224' title='bbox 212 3411 343 3488; x_wconf 79' lang='lat' dir='ltr'><strong>pbunem</strong></span> <span class='ocrx_word' id='word_1_225' title='bbox 366 3409 498 3469; x_wconf 81' lang='lat' dir='ltr'><strong>urbitror</strong></span> <span class='ocrx_word' id='word_1_226' title='bbox 517 3409 714 3486; x_wconf 81' lang='lat' dir='ltr'><strong>Hypsipylnm</strong></span> <span class='ocrx_word' id='word_1_227' title='bbox 738 3413 771 3468; x_wconf 92' lang='lat' dir='ltr'><strong>ut</strong></span> <span class='ocrx_word' id='word_1_228' title='bbox 793 3427 885 3485; x_wconf 69' lang='lat' dir='ltr'><strong>supro</strong></span> <span class='ocrx_word' id='word_1_229' title='bbox 907 3397 962 3465; x_wconf 82' lang='grc' dir='ltr'><strong>διὰ</strong></span> <span class='ocrx_word' id='word_1_230' title='bbox 984 3395 1024 3466; x_wconf 87' lang='grc' dir='ltr'>τό</span> <span class='ocrx_word' id='word_1_231' title='bbox 1046 3401 1269 3486; x_wconf 76' lang='grc' dir='ltr'><strong>κροταλίζειν,</strong></span> <span class='ocrx_word' id='word_1_232' title='bbox 1291 3409 1335 3467; x_wconf 89' lang='lat' dir='ltr'><strong>sio</strong></span> 
     </span>
     <span class='ocr_line' id='line_1_30' title="bbox 213 3510 1335 3588; baseline 0 -17"><span class='ocrx_word' id='word_1_233' title='bbox 213 3513 260 3572; x_wconf 91' lang='lat' dir='ltr'><strong>bic</strong></span> <span class='ocrx_word' id='word_1_234' title='bbox 289 3512 326 3572; x_wconf 93' lang='lat' dir='ltr'><strong>de</strong></span> <span class='ocrx_word' id='word_1_235' title='bbox 354 3511 581 3588; x_wconf 85' lang='lat' dir='ltr'><strong>blundimeutis,</strong></span> <span class='ocrx_word' id='word_1_236' title='bbox 613 3530 691 3588; x_wconf 76' lang='lat' dir='ltr'><strong>quse</strong></span> <span class='ocrx_word' id='word_1_237' title='bbox 720 3530 816 3588; x_wconf 87' lang='lat' dir='ltr'><strong>puero</strong></span> <span class='ocrx_word' id='word_1_238' title='bbox 845 3510 940 3587; x_wconf 79' lang='lat' dir='ltr'><strong>dicut,</strong></span> <span class='ocrx_word' id='word_1_239' title='bbox 973 3510 1111 3570; x_wconf 89' lang='lat' dir='ltr'><strong>irridere:</strong></span> <span class='ocrx_word' id='word_1_240' title='bbox 1144 3511 1174 3568; x_wconf 93' lang='lat' dir='ltr'><strong>iu</strong></span> <span class='ocrx_word' id='word_1_241' title='bbox 1198 3530 1233 3570; x_wconf 93' lang='lat' dir='ltr'><strong>eo</strong></span> <span class='ocrx_word' id='word_1_242' title='bbox 1257 3511 1335 3571; x_wconf 90' lang='lat' dir='ltr'><strong>euim</strong></span> 
     </span>
     <span class='ocr_line' id='line_1_31' title="bbox 213 3605 1335 3691; baseline -0.003 -16"><span class='ocrx_word' id='word_1_243' title='bbox 213 3615 347 3691; x_wconf 78' lang='lat' dir='ltr'><strong>offendit,</strong></span> <span class='ocrx_word' id='word_1_244' title='bbox 378 3614 459 3691; x_wconf 84' lang='lat' dir='ltr'><strong>quod</strong></span> <span class='ocrx_word' id='word_1_245' title='bbox 491 3615 637 3674; x_wconf 84' lang='lat' dir='ltr'><strong>nutricem</strong></span> <span class='ocrx_word' id='word_1_246' title='bbox 661 3633 728 3673; x_wconf 90' lang='lat' dir='ltr'><strong>cnm</strong></span> <span class='ocrx_word' id='word_1_247' title='bbox 751 3613 865 3674; x_wconf 72' lang='lat' dir='ltr'><strong>insonte</strong></span> <span class='ocrx_word' id='word_1_248' title='bbox 887 3615 973 3690; x_wconf 80' lang='lat' dir='ltr'><strong>quusi</strong></span> <span class='ocrx_word' id='word_1_249' title='bbox 996 3605 1033 3671; x_wconf 75' lang='grc' dir='ltr'><strong>ἐκ</strong></span> <span class='ocrx_word' id='word_1_250' title='bbox 1056 3610 1118 3672; x_wconf 82' lang='grc' dir='ltr'><strong>τοῦ</strong></span> <span class='ocrx_word' id='word_1_251' title='bbox 1141 3607 1335 3691; x_wconf 72' lang='grc' dir='ltr'><strong><em>γυναικείου</em></strong></span> 
     </span>
     <span class='ocr_line' id='line_1_32' title="bbox 212 3716 1334 3794; baseline 0.001 -18"><span class='ocrx_word' id='word_1_252' title='bbox 212 3718 242 3778; x_wconf 90' lang='lat' dir='ltr'><strong>iu</strong></span> <span class='ocrx_word' id='word_1_253' title='bbox 271 3718 416 3794; x_wconf 74' lang='lat' dir='ltr'><strong>trugicmu</strong></span> <span class='ocrx_word' id='word_1_254' title='bbox 446 3735 584 3776; x_wconf 77' lang='lat' dir='ltr'><strong>sensuum</strong></span> <span class='ocrx_word' id='word_1_255' title='bbox 616 3717 747 3776; x_wconf 83' lang='lat' dir='ltr'><strong>deduxit</strong></span> <span class='ocrx_word' id='word_1_256' title='bbox 793 3716 919 3776; x_wconf 75' lang='lat' dir='ltr'><strong>Accedit</strong></span> <span class='ocrx_word' id='word_1_257' title='bbox 949 3716 1030 3793; x_wconf 90' lang='lat' dir='ltr'><strong>quod</strong></span> <span class='ocrx_word' id='word_1_258' title='bbox 1061 3735 1097 3775; x_wconf 81' lang='lat' dir='ltr'><strong>eu</strong></span> <span class='ocrx_word' id='word_1_259' title='bbox 1125 3717 1217 3777; x_wconf 79' lang='lat' dir='ltr'><strong>verbu</strong></span> <span class='ocrx_word' id='word_1_260' title='bbox 1248 3718 1334 3777; x_wconf 85' lang='lat' dir='ltr'><strong>unice</strong></span> 
     </span>
     <span class='ocr_line' id='line_1_33' title="bbox 213 3819 1334 3897; baseline 0 -17"><span class='ocrx_word' id='word_1_261' title='bbox 213 3820 364 3897; x_wconf 72' lang='lat' dir='ltr'><strong>quadrent</strong></span> <span class='ocrx_word' id='word_1_262' title='bbox 394 3821 424 3879; x_wconf 92' lang='lat' dir='ltr'><strong>iu</strong></span> <span class='ocrx_word' id='word_1_263' title='bbox 453 3819 612 3895; x_wconf 72' lang='lat' dir='ltr'><strong>insontem,</strong></span> <span class='ocrx_word' id='word_1_264' title='bbox 644 3821 696 3896; x_wconf 90' lang='lat' dir='ltr'><strong>qui</strong></span> <span class='ocrx_word' id='word_1_265' title='bbox 725 3819 804 3878; x_wconf 89' lang='lat' dir='ltr'><strong>uluis</strong></span> <span class='ocrx_word' id='word_1_266' title='bbox 831 3824 963 3879; x_wconf 88' lang='lat' dir='ltr'><strong>tenetur:</strong></span> <span class='ocrx_word' id='word_1_267' title='bbox 998 3838 1104 3896; x_wconf 94' lang='lat' dir='ltr'><strong>nempe</strong></span> <span class='ocrx_word' id='word_1_268' title='bbox 1127 3820 1211 3880; x_wconf 92' lang='lat' dir='ltr'><strong>iubet</strong></span> <span class='ocrx_word' id='word_1_269' title='bbox 1234 3822 1334 3880; x_wconf 84' lang='lat' dir='ltr'><strong>nutrix</strong></span> 
     </span>
     <span class='ocr_line' id='line_1_34' title="bbox 213 3920 1333 4000; baseline -0.002 -17"><span class='ocrx_word' id='word_1_270' title='bbox 213 3922 355 3983; x_wconf 81' lang='lat' dir='ltr'><strong>iniuutem</strong></span> <span class='ocrx_word' id='word_1_271' title='bbox 379 3921 501 3982; x_wconf 72' lang='lat' dir='ltr'><strong>brachiu</strong></span> <span class='ocrx_word' id='word_1_272' title='bbox 523 3921 600 3981; x_wconf 90' lang='lat' dir='ltr'><strong>collo</strong></span> <span class='ocrx_word' id='word_1_273' title='bbox 623 3940 678 3981; x_wconf 94' lang='lat' dir='ltr'><strong>suo</strong></span> <span class='ocrx_word' id='word_1_274' title='bbox 701 3920 896 3996; x_wconf 80' lang='lat' dir='ltr'><strong>circumdure,</strong></span> <span class='ocrx_word' id='word_1_275' title='bbox 920 3929 952 3981; x_wconf 91' lang='lat' dir='ltr'><strong>ut</strong></span> <span class='ocrx_word' id='word_1_276' title='bbox 973 3923 1067 3981; x_wconf 73' lang='lat' dir='ltr'><strong>artius</strong></span> <span class='ocrx_word' id='word_1_277' title='bbox 1089 3922 1142 3981; x_wconf 88' lang='lat' dir='ltr'><strong>sibi</strong></span> <span class='ocrx_word' id='word_1_278' title='bbox 1159 3922 1333 4000; x_wconf 81' lang='lat' dir='ltr'><strong>upplieetur.</strong></span> 
     </span>
    </p>
   </div>
   <div class='ocr_carea' id='block_1_5' title="bbox 211 4137 1334 4293">
    <p class='ocr_par' dir='ltr' id='par_1_5' title="bbox 211 4137 1334 4293">
     <span class='ocr_line' id='line_1_35' title="bbox 211 4137 1334 4293; baseline 0.007 -105"><span class='ocrx_word' id='word_1_279' title='bbox 211 4137 414 4293; x_wconf 42' lang='lat' dir='ltr'><strong>&amp;mmm</strong></span> <span class='ocrx_word' id='word_1_280' title='bbox 438 4153 548 4208; x_wconf 88' lang='lat' dir='ltr'><strong>quoque</strong></span> <span class='ocrx_word' id='word_1_281' title='bbox 572 4137 737 4193; x_wconf 85' lang='lat' dir='ltr'><strong>describitur</strong></span> <span class='ocrx_word' id='word_1_282' title='bbox 760 4138 834 4206; x_wconf 76' lang='lat' dir='ltr'><strong>apud</strong></span> <span class='ocrx_word' id='word_1_283' title='bbox 859 4137 927 4193; x_wconf 71' lang='lat' dir='ltr'><strong>Stet</strong></span> <span class='ocrx_word' id='word_1_284' title='bbox 942 4137 1029 4193; x_wconf 71' lang='lat' dir='ltr'><strong>dbeb.</strong></span> <span class='ocrx_word' id='word_1_285' title='bbox 1046 4138 1095 4207; x_wconf 88' lang='lat' dir='ltr'><strong>IV,</strong></span> <span class='ocrx_word' id='word_1_286' title='bbox 1107 4143 1171 4194; x_wconf 73' lang='lat'><strong>741:</strong></span> <span class='ocrx_word' id='word_1_287' title='bbox 1198 4138 1233 4193; x_wconf 85' lang='lat' dir='ltr'><strong>ab</strong></span> <span class='ocrx_word' id='word_1_288' title='bbox 1255 4138 1334 4195; x_wconf 76' lang='lat' dir='ltr'><strong>ubere</strong></span> 
     </span>
    </p>
   </div>
   <div class='ocr_carea' id='block_1_6' title="bbox 212 4268 1332 4463">
    <p class='ocr_par' dir='ltr' id='par_1_6' title="bbox 212 4268 1332 4463">
     <span class='ocr_line' id='line_1_36' title="bbox 296 4268 1332 4379; baseline 0.004 -17"><span class='ocrx_word' id='word_1_289' title='bbox 296 4309 318 4377; x_wconf 81' lang='lat'><strong>¹)</strong></span> <span class='ocrx_word' id='word_1_290' title='bbox 342 4268 483 4377; x_wconf 74' lang='lat' dir='ltr'><strong>Aristoph.</strong></span> <span class='ocrx_word' id='word_1_291' title='bbox 502 4324 559 4362; x_wconf 78' lang='lat' dir='ltr'><strong>run.</strong></span> <span class='ocrx_word' id='word_1_292' title='bbox 581 4313 642 4363; x_wconf 85' lang='grc'>1311</span> <span class='ocrx_word' id='word_1_293' title='bbox 662 4324 737 4378; x_wconf 64' lang='lat' dir='ltr'><strong>sqq„</strong></span> <span class='ocrx_word' id='word_1_294' title='bbox 770 4309 842 4362; x_wconf 89' lang='lat' dir='ltr'><strong>uude</strong></span> <span class='ocrx_word' id='word_1_295' title='bbox 869 4314 979 4377; x_wconf 72' lang='lat' dir='ltr'><strong>sumptu</strong></span> <span class='ocrx_word' id='word_1_296' title='bbox 1006 4315 1071 4364; x_wconf 89' lang='lat' dir='ltr'><strong>sunt</strong></span> <span class='ocrx_word' id='word_1_297' title='bbox 1097 4308 1168 4379; x_wconf 84' lang='lat' dir='ltr'><strong>irgg.</strong></span> <span class='ocrx_word' id='word_1_298' title='bbox 1188 4314 1246 4377; x_wconf 75' lang='lat'><strong>752,</strong></span> <span class='ocrx_word' id='word_1_299' title='bbox 1275 4317 1332 4379; x_wconf 74' lang='lat'><strong>755,</strong></span> 
     </span>
     <span class='ocr_line' id='line_1_37' title="bbox 212 4397 346 4463; baseline 0.007 -17"><span class='ocrx_word' id='word_1_300' title='bbox 212 4397 270 4463; x_wconf 74' lang='lat' dir='ltr'><strong>tob,</strong></span> <span class='ocrx_word' id='word_1_301' title='bbox 287 4397 346 4447; x_wconf 82' lang='grc'><strong>769.</strong></span> 
     </span>
    </p>
   </div>
   <div class='ocr_carea' id='block_1_7' title="bbox 0 0 1556 5198">
    <p class='ocr_par' dir='ltr' id='par_1_7' title="bbox 0 0 1556 5198">
     <span class='ocr_line' id='line_1_38' title="bbox 0 0 1556 5198; baseline 0 2"><span class='ocrx_word' id='word_1_302' title='bbox 0 0 1556 5198; x_wconf 95' lang='lat' dir='ltr'><strong> </strong></span> 
     </span>
    </p>
   </div>
  </div>
 </body>
</html>
