3104 5198
314 416 376 479 284

314 586 447 663 periculo
471 585 650 646 constrictus
673 585 834 662 inducitur,
856 603 915 646 non
939 586 980 645 ita
1002 603 1034 645 se
1057 582 1169 662 gerit¹i
1213 582 1309 645 Etiam
1326 584 1440 661 Eury·

313 706 430 749 sacsm
454 686 651 764 Sophocleum
682 688 823 747 maiorum
847 687 887 746 illi
918 705 1078 765 puerorum
1103 687 1206 763 generi
1230 683 1440 746 ascribendum

314 789 406 867 dnoo,
439 791 552 867 qnippe
584 791 632 850 cni
666 788 745 850 hand
781 789 861 850 levia
894 788 932 849 ad
964 789 1112 867 agendum
1143 793 1233 868 poeta
1265 787 1442 867 imposuerit

314 892 485 970 (lliisqq.
501 898 531 954 et
554 897 636 954 1409
645 890 731 969 sqq),
760 911 859 971 noque
880 893 910 952 in
934 893 1028 969 patris
1051 911 1150 969 genua
1172 910 1238 953 enm
1263 891 1335 966 tolli,
1357 889 1441 967 qnod

315 1000 396 1056 esset
410 995 533 1056 infantis
552 997 602 1056 vel
617 996 752 1072 pusionis
775 995 903 1073 parvuli,
926 1013 1017 1071 supra
1040 995 1253 1056 demonstravi.
1297 995 1337 1054 At
1359 991 1440 1052 baud

313 1098 375 1157 scio
391 1117 429 1157 an
444 1097 512 1158 illae
527 1098 691 1174 Eurysaois
707 1101 807 1173 partes
823 1099 865 1156 ita
888 1095 979 1157 nihilo
1002 1098 1099 1158 secius
1122 1098 1248 1174 cuipiam
1267 1095 1439 1173 descriptae

313 1200 484 1278 videantur,
513 1204 546 1260 ut
568 1218 641 1260 sane
663 1200 781 1276 parvuli
805 1200 920 1277 species
942 1201 1006 1259 eins
1029 1201 1127 1261 animo
1150 1199 1334 1261 obversetur.
1379 1195 1438 1257 Sed

313 1303 453 1379 quoniam
484 1303 604 1362 omuino
633 1302 797 1379 Sophocles
831 1321 890 1362 non
921 1301 996 1363 adeo
1027 1307 1118 1379 atque
1147 1302 1307 1380 Euripides
1337 1300 1442 1378 pueris

313 1423 387 1465 nsns
410 1423 476 1465 esse
500 1406 629 1476 videtur,
661 1423 726 1465 oum
758 1406 808 1464 vix
831 1423 922 1466 ausus
945 1406 984 1465 sit
1014 1424 1065 1466 eos
1088 1407 1220 1482 ipsorum
1244 1404 1440 1481 cogitationes

314 1507 415 1568 verbis
431 1508 479 1568 vel
496 1513 580 1585 gestu
598 1508 767 1585 exprimere
791 1504 937 1580 iubereii,
961 1526 1050 1568 exea
1067 1508 1229 1586 Enrysaeis
1253 1512 1439 1568 oeterorum-

313 1629 372 1686 que
404 1610 621 1688 tranquillitate
644 1611 693 1670 vel
715 1610 871 1671 timiditate
895 1611 1031 1671 concludi
1055 1630 1114 1672 non
1139 1616 1239 1689 potest
1261 1609 1439 1687 Sophoclem

315 1712 444 1772 minores
473 1713 602 1773 voluisse
637 1712 667 1773 in
706 1730 845 1773 scaenam
884 1713 1035 1774 inducere.
1079 1715 1169 1774 lmmo
1199 1713 1355 1789 Sophoclis
1384 1712 1441 1772 toti

313 1819 442 1875 naturae
467 1820 556 1892 atque
580 1816 671 1876 indoli
693 1834 804 1892 pueros
825 1816 867 1877 iia
891 1821 1022 1876 moratos
1045 1819 1139 1893 magis
1162 1817 1339 1877 convenisse
1361 1832 1441 1890 reor,

312 1922 346 1977 nt
384 1917 519 1979 modeste
558 1917 641 1995 qnasi
675 1923 705 1978 et
735 1917 906 1979 verecunde
936 1937 968 1980 se
998 1924 1146 1996 gererent
1199 1921 1305 1996 ltaque
1336 1935 1440 1979 omues

313 2037 388 2098 qnos
419 2021 556 2081 novimus
587 2020 745 2099 Sophoclei
776 2022 876 2099 pueri,
904 2021 955 2098 qni
985 2023 1103 2100 quidem
1137 2022 1216 2082 band
1248 2021 1379 2098 segniter
1408 2021 1438 2079 in

312 2140 421 2183 scaena
449 2128 550 2200 agant,
578 2125 705 2184 maiores
734 2123 886 2198 cogitandi
917 2129 994 2184 sunt.
1039 2125 1277 2202 Aristophaneos
1299 2122 1435 2184 eiusdem

312 2226 419 2286 astatis
441 2224 533 2286 fuisse
556 2227 701 2303 suspicor,
723 2226 820 2302 qualis
842 2231 888 2286 est
909 2245 1010 2287 eorum
1033 2228 1122 2288 actio.

399 2653 461 2712 lam
478 2653 609 2713 scrobis
625 2653 852 2730 quaestionibus
867 2655 980 2714 relictIs
999 2671 1102 2713 omnes
1114 2656 1258 2731 qnantum
1274 2652 1439 2730 poterimus

313 2754 431 2815 fabulas
462 2754 590 2832 amplexi
621 2754 650 2814 id
681 2758 860 2834 spectemus,
889 2762 931 2834 ut,
962 2756 1070 2833 quibus
1096 2755 1280 2832 temporibus
1302 2754 1352 2814 ille
1375 2772 1440 2814 mos

314 2858 439 2918 maxime
463 2857 603 2935 viguerIt,
633 2859 742 2936 quibus
765 2860 871 2936 minus,
900 2858 1124 2920 constituamus.
1168 2858 1262 2932 Quem
1286 2856 1438 2917 adfinem

313 2960 438 3037 primum
479 2959 598 3020 fabulas
632 2960 812 3039 Euripideas
849 2962 1026 3037 superstites
1065 2979 1166 3021 omnes
1206 2964 1236 3020 et
1274 2958 1439 3020 nonnullas

314 3061 488 3137 deperditas
503 3061 534 3121 in
550 3080 637 3121 unam
654 3063 784 3122 tabulam
801 3062 964 3123 seeundum
988 3067 1152 3139 temporum
1177 3057 1342 3133 rationari)
1366 3079 1438 3121 con·

311 3164 434 3241 scripsi;
462 3163 558 3224 adieci
589 3165 770 3242 Sophocleas
799 3170 829 3225 et
859 3164 1094 3243 Aristophaneus
1123 3183 1175 3225 eas
1205 3168 1329 3238 tantum,
1359 3182 1440 3243 quae

311 3284 473 3342 puerorum
516 3272 618 3345 partes
654 3267 808 3343 praebent.
868 3266 1029 3345 Cyclopem
1072 3273 1104 3327 nt
1137 3267 1257 3327 omnino
1290 3266 1440 3343 satyricae

313 3368 466 3446 Euripidis
487 3368 605 3428 tabulas
627 3372 661 3427 nt
683 3369 770 3428 nimis
793 3370 937 3430 obscuras
960 3369 1053 3429 omisi.

399 3534 420 3594 1)
437 3529 533 3585 Talem
552 3532 667 3585 Assteas
691 3547 802 3600 qnoque
820 3529 945 3586 Herculis
970 3530 1083 3584 filiolum
1107 3529 1197 3598 pinxit
1213 3530 1240 3584 in
1258 3545 1292 3584 ea
1308 3529 1439 3599 imagine,

311 3630 365 3684 qua
382 3620 458 3670 certe
470 3630 597 3670 scaenam
607 3614 715 3671 fabulae
727 3621 828 3684 poetae
845 3616 959 3671 alicuius
971 3615 1129 3684 Euripidem
1142 3615 1272 3669 imitantis
1290 3615 1439 3683 expressit

312 3700 369 3755 vid.
386 3699 460 3755 Mon.
479 3699 612 3755 dell'Inst.
625 3700 701 3769 VIII,
717 3706 746 3754 10
760 3724 793 3747 =
806 3701 896 3756 Wien.
909 3701 1039 3756 Vorl.·Bl.
1051 3700 1109 3755 Ser.
1121 3701 1153 3769 B,
1164 3700 1185 3755 I.

396 3787 417 3855 ²)
435 3785 549 3841 Praeter
565 3790 659 3842 cetera
675 3786 809 3855 respicias
827 3802 939 3856 quaeso,
957 3786 1031 3855 qnod
1050 3784 1202 3854 Sophocles
1214 3786 1382 3856 Eurysacem
1401 3784 1438 3839 de

310 3870 395 3938 patris
420 3875 508 3926 morte
533 3886 683 3926 maerorem
702 3870 777 3925 nulio
801 3871 884 3925 modo
902 3869 1112 3939 patefacientem
1130 3870 1222 3938 finxit,
1246 3875 1342 3924 contra
1359 3869 1437 3923 Enri-

247 4025 248 4029 Ἰ
310 3956 391 4024 pides
403 3956 602 4026 Astyanactem
616 3958 683 4011 satis
695 3957 846 4025 parvulum,
866 3956 992 4025 quamvis
1010 3962 1086 4011 esset
1103 3961 1203 4022 mutus,
1222 3955 1348 4025 quamvis
1366 3954 1437 4023 peri·

310 4040 364 4096 culi
382 4041 502 4109 nescius,
520 4041 593 4095 haud
611 4042 696 4098 dnbio
714 4047 796 4111 gestu
814 4041 886 4097 ultro
904 4056 1034 4111 angorem
1053 4056 1132 4095 suum
1145 4040 1343 4109 exprimentem
1361 4038 1438 4096 lecit.

395 4129 418 4195 ⁸)
436 4126 469 4180 ln
494 4126 621 4182 Herculis
646 4131 772 4195 tempore
799 4127 993 4183 constituendo
1015 4141 1118 4196 sequor
1141 4125 1293 4181 Wilsmow.
1310 4126 1393 4181 Herc.
1412 4124 1438 4178 1⁶

310 4228 337 4280 p.
351 4216 398 4266 137
409 4227 474 4281 sqq;
496 4218 588 4266 tamen
606 4211 739 4267 noluerim
752 4217 817 4268 ante
831 4228 931 4267 annum
944 4216 994 4266 420
1008 4226 1067 4266 eam
1080 4226 1192 4279 ponere,
1211 4211 1274 4279 qnia
1291 4217 1349 4264 tum
1368 4226 1437 4265 non·

309 4298 376 4351 dum
388 4297 458 4352 adeo
471 4301 561 4353 aetate
573 4303 736 4366 provectum
749 4297 909 4367 Euripidem
921 4296 1008 4352 tuisse
1021 4301 1107 4366 patet,
1126 4301 1156 4350 nt
1167 4300 1339 4351 senectutem
1358 4295 1437 4366 queri

307 4388 409 4452 posset
426 4383 492 4452 (vid.
505 4399 532 4439 v.
544 4385 617 4454 678).
