3104 5198
393 397 454 458 236

391 570 481 630 Tales
504 569 645 646 infantes,
675 571 780 646 quales
802 571 889 631 ctiam
913 572 1014 649 plures
1037 574 1235 650 inveniemus,
1265 592 1371 633 revera
1393 573 1518 633 omnino

392 673 559 732 simulacris
579 681 821 749 repraesentatos
837 693 902 734 esse
917 679 1027 752 statuo,
1050 678 1119 752 quia
1135 679 1237 753 pueris
1252 677 1389 735 minimae
1406 678 1518 735 aetatis

390 775 420 834 in
443 793 552 834 scaeua
575 776 692 853 publicu
713 778 809 835 locum
827 796 887 836 nou
903 777 994 837 luisse
1011 783 1243 838 consentaneum
1261 785 1313 837 est
1351 779 1518 838 Praeterea

390 877 447 938 hoc
470 879 612 955 respicias
636 896 762 956 quaeso,
784 880 813 938 iu
837 879 1048 955 Aristophanis
1070 880 1199 939 Acheru.
1223 879 1350 939 euudem
1375 877 1515 940 Orestem

390 980 533 1040 infantem
565 982 595 1041 iu
618 982 743 1058 Telephi
769 981 919 1058 Euripidis
941 983 1077 1042 irrisione
1108 982 1293 1059 cophino,
1326 984 1516 1060 potissimum

391 1088 489 1144 autem
514 1084 642 1143 cundem
667 1086 695 1143 in
711 1085 1040 1161 Thesmophoriaausis,
1063 1086 1111 1144 ubi
1136 1086 1237 1145 eadem
1262 1104 1372 1146 scaena
1388 1086 1517 1157 ridetur,

390 1191 476 1247 utre
499 1187 529 1246 in
556 1187 679 1246 infantis
703 1188 831 1263 speciem
855 1192 1000 1248 exornato
1023 1189 1250 1264 repraesentari.
1295 1189 1408 1263 Quibus
1432 1207 1516 1248 com·

390 1290 496 1348 mentis
528 1290 672 1349 comicum
706 1294 779 1367 puto
809 1309 875 1348 eum
903 1291 1000 1366 ipsum
1031 1309 1140 1350 morem
1164 1293 1323 1367 tragicum,
1353 1293 1515 1351 simulacra

388 1410 444 1468 pro
467 1391 632 1451 infantibus
648 1391 845 1469 producendi,
867 1391 991 1452 ridicule
1014 1393 1144 1453 voluisse
1159 1394 1274 1470 imitari,
1296 1395 1374 1452 siout
1389 1396 1515 1470 saepius

387 1493 521 1571 tragicae
543 1511 670 1553 scaenae
693 1493 829 1552 instituta
852 1486 890 1570 (e.
906 1515 934 1571 g.
956 1484 1114 1576 μηχανήν,
1138 1485 1340 1573 ἐκκύκλημα)
1362 1497 1433 1555 iocis
1449 1495 1515 1554 suia

387 1595 599 1672 profanavit¹l

473 1905 562 1964 Nunc
593 1905 851 1981 Aristophanis
885 1924 962 1981 quae
992 1904 1110 1981 quidem
1142 1910 1260 1964 exstant
1294 1906 1412 1966 tabulas
1442 1925 1512 1983 per·

387 2008 554 2067 lustremus.
599 2008 658 2066 Iam
689 2008 717 2066 in
742 2002 983 2068 Atheniensibus
1011 2009 1094 2085 pueri
1120 2008 1182 2067 sive
1206 2009 1323 2085 puellae
1346 2011 1375 2068 in
1399 2028 1512 2068 scaena

387 2111 581 2188 aspiciuntur,
604 2128 645 2169 sc.
668 2110 745 2170 duae
768 2111 835 2170 illae
850 2112 1034 2187 Megareusis
1057 2111 1185 2171 hominis
1208 2111 1294 2186 filiae,
1316 2130 1392 2187 quas
1414 2113 1464 2171 ille
1480 2114 1510 2171 iu

386 2232 543 2291 porcorum
567 2213 786 2273 similitudinem
818 2233 979 2274 conversas
1003 2214 1114 2273 vendit.
1159 2216 1323 2273 Versantur
1345 2216 1374 2273 iu
1398 2234 1512 2274 scaeua

385 2337 403 2374 a
433 2336 462 2375 v.
486 2319 670 2378 tas-834.
713 2317 792 2377 Num
823 2317 861 2376 dc
892 2318 980 2376 meris
1011 2317 1177 2376 simulacris
1208 2316 1400 2395 cogitandum
1431 2316 1511 2388 sit,²)

385 2419 522 2496 equidem
546 2421 739 2480 vehementer
760 2419 873 2494 dubito,
896 2439 956 2480 non
974 2426 1042 2495 tam,
1065 2422 1136 2496 quia
1153 2420 1244 2479 verba
1259 2421 1403 2480 nonnulla
1419 2426 1512 2497 poeta

385 2525 421 2582 iis
448 2522 588 2581 tribuisse
610 2522 729 2581 videtur
759 2523 846 2588 (7352
876 2517 1071 2597 πεπρᾶσθαι
1092 2518 1301 2598 πεπρᾶσθαι,
1332 2526 1406 2595 780,
1436 2527 1512 2598 801,

385 2630 461 2701 802,
491 2628 566 2687 803:
596 2618 665 2697 κοΐ,
696 2617 778 2698 κοΐ),
809 2644 896 2701 qrram
921 2627 990 2702 quia
1015 2627 1079 2701 ipso
1102 2626 1153 2685 illo
1177 2626 1243 2684 loco
1266 2625 1344 2684 haud
1369 2626 1511 2702 ambigue

384 2730 464 2788 actio
495 2728 660 2805 puellarum
684 2727 832 2786 iudicatur
862 2728 949 2799 (raaz
977 2711 1052 2785 ἀλλ’
1074 2711 1266 2804 ἀμφίθεσθε
1288 2721 1345 2785 καὶ
1366 2722 1443 2786 ταδὶ
1465 2717 1512 2785 τὰ

384 2819 511 2909 ῥύγχια,
526 2818 686 2907 κῆπειτεν
696 2821 741 2900 εἰς
752 2816 815 2887 τὸν
829 2820 956 2888 σάκκον
972 2812 1032 2888 aio’
1048 2822 1237 2907 ἐμβαίνετε).
1262 2832 1305 2890 Ac
1320 2833 1345 2890 si
1361 2836 1508 2906 (ruentum

384 2932 499 2992 ridiculi
525 2932 669 2992 haberent
691 2933 765 2991 tales
788 2933 929 3007 actiones,
951 2939 1069 3010 poetam
1094 2952 1153 2992 uon
1176 2932 1331 3008 ignorasse
1355 2939 1446 3009 alque
1469 2935 1509 2994 ob

384 3035 413 3095 id
448 3036 542 3111 ipsum
576 3035 646 3094 talia
675 3034 796 3095 linxisse
826 3034 1063 3110 consideramus,
1096 3035 1220 3094 credere
1252 3055 1310 3096 non
1349 3054 1510 3112 possumus

381 3256 573 3320 praesentatus
593 3256 644 3318 est,
662 3267 723 3305 cum
742 3250 861 3318 pedibus
880 3250 1008 3305 ambulet.
1044 3250 1101 3306 Sed
1119 3251 1193 3305 utin
1213 3268 1247 3306 eo
1265 3251 1363 3305 artifex
1381 3252 1415 3307 ab
1428 3253 1509 3307 Euri·

381 3336 447 3405 pide
469 3336 596 3404 recessit,
619 3335 694 3405 quod
712 3350 825 3403 puerum
843 3335 917 3388 humi
935 3339 1062 3402 stantem,
1080 3351 1136 3389 uon
1155 3337 1188 3391 ab
1207 3335 1351 3404 Iphigenia
1368 3337 1508 3391 sublatum

381 3421 468 3490 linxit,
487 3421 524 3474 ita
540 3437 575 3475 ne
591 3419 643 3473 hoc
655 3419 774 3488 quidem,
793 3420 868 3489 quod
881 3436 942 3474 eum
956 3421 1085 3475 maiorem
1097 3422 1321 3488 repraesentavit,
1341 3438 1375 3475 cx
1388 3436 1509 3476 scaenae

380 3513 495 3575 aspectu
522 3504 675 3574 profectum
702 3520 765 3560 esse
792 3505 958 3572 putabimus.
1006 3506 1089 3560 Adde
1119 3506 1193 3575 quod
1216 3506 1453 3574 Agamemnonem
1478 3508 1508 3561 in

381 3591 479 3647 throno
498 3590 643 3646 sedentem
660 3589 735 3658 fecit,
753 3591 828 3659 quod
846 3591 935 3659 ipsum
955 3607 1065 3659 quoque
1078 3606 1139 3645 oum
1152 3598 1251 3658 poetae
1264 3591 1379 3646 consilio
1391 3596 1509 3660 pugnat

380 3677 443 3733 Vid.
461 3683 502 3733 50.
520 3675 591 3731 Beri.
610 3676 926 3745 Winehelmaunsprogr.
949 3681 1022 3744 1890,
1039 3692 1065 3744 p.
1079 3681 1121 3730 51.

466 3782 488 3848 ¹)
506 3779 595 3835 Etiam
614 3784 711 3849 quarto
724 3794 747 3833 a
760 3779 821 3834 Chr.
834 3779 944 3834 saeculo
957 3780 1100 3835 simulacra
1111 3795 1161 3848 pro
1174 3780 1323 3835 infantibus
1335 3783 1363 3834 iu
1376 3795 1506 3835 scaenam

379 3865 491 3920 inducta
507 3880 569 3920 esse
582 3865 665 3920 docet
676 3863 727 3933 frg.
740 3881 775 3919 ex
787 3865 907 3919 Hectore
919 3865 1129 3935 Astydamautis
1142 3865 1252 3920 alterius
1266 3872 1414 3933 sumptum,
1428 3866 1506 3935 quod

378 3952 419 4006 sic
436 3951 511 4021 apud
528 3950 680 4006 Nauchium
699 3950 856 4005 restitutum
875 3950 1004 4019 legimus:

686 4030 764 4099 δέξαι
783 4041 869 4105 κυνῆν
886 4053 945 4103 μοι,
963 4030 1166 4105 πρόσπολ’...

682 4116 722 4190 μὴ
741 4118 787 4175 καὶ
807 4123 926 4192 φοβηθῇ
943 4127 1019 4185 παῖς.

378 4208 508 4262 Nimirum
526 4207 671 4276 Astyanax
689 4211 733 4261 sat
756 4207 934 4275 cogitandus,
958 4208 1005 4275 qui
1023 4211 1054 4261 ut
1070 4206 1160 4262 infans
1179 4207 1325 4262 simulacro
1343 4223 1505 4276 repraesen-

377 4298 452 4349 tatus
469 4298 520 4348 eat.
555 4293 750 4363 Fragmentum
769 4293 907 4350 Robertus
925 4292 990 4346 mihi
1008 4292 1138 4348 ostendit.

463 4381 484 4450 ¹)
503 4379 583 4446 Quod
601 4380 720 4435 coniecit
736 4379 768 4434 0.
780 4379 884 4449 hlltller,
902 4378 1165 4447 Hist.Litt.11⁴,1a.
