<?xml version="1.0" encoding="UTF-8"?>
<!DOCTYPE html PUBLIC "-//W3C//DTD XHTML 1.0 Transitional//EN"
    "http://www.w3.org/TR/xhtml1/DTD/xhtml1-transitional.dtd">
<html xmlns="http://www.w3.org/1999/xhtml" xml:lang="en" lang="en">
 <head>
  <title>
</title>
<meta http-equiv="Content-Type" content="text/html;charset=utf-8" />
  <meta name='ocr-system' content='tesseract 3.04.00' />
  <meta name='ocr-capabilities' content='ocr_page ocr_carea ocr_par ocr_line ocrx_word'/>
</head>
<body>
  <div class='ocr_page' id='page_1' title='image "./depueroruminres00haymgoog_0063.png"; bbox 0 0 3104 5198; ppageno 0'>
   <div class='ocr_carea' id='block_1_1' title="bbox 209 403 269 459">
    <p class='ocr_par' dir='ltr' id='par_1_1' title="bbox 209 403 269 459">
     <span class='ocr_line' id='line_1_1' title="bbox 209 403 269 459; baseline 0.033 -2"><span class='ocrx_word' id='word_1_1' title='bbox 209 403 269 459; x_wconf 80' lang='lat'><strong>272</strong></span> 
     </span>
    </p>
   </div>
   <div class='ocr_carea' id='block_1_2' title="bbox 208 568 1354 4427">
    <p class='ocr_par' dir='ltr' id='par_1_2' title="bbox 208 568 1334 735">
     <span class='ocr_line' id='line_1_2' title="bbox 208 568 1334 650; baseline 0.001 -22"><span class='ocrx_word' id='word_1_2' title='bbox 208 571 306 630; x_wconf 89' lang='lat' dir='ltr'><strong>Puero</strong></span> <span class='ocrx_word' id='word_1_3' title='bbox 340 573 507 631; x_wconf 78' lang='lat' dir='ltr'><strong>ambulanti</strong></span> <span class='ocrx_word' id='word_1_4' title='bbox 540 573 611 633; x_wconf 86' lang='lat' dir='ltr'><strong>talia</strong></span> <span class='ocrx_word' id='word_1_5' title='bbox 643 574 700 632; x_wconf 89' lang='lat' dir='ltr'><strong>dici</strong></span> <span class='ocrx_word' id='word_1_6' title='bbox 735 594 794 634; x_wconf 90' lang='lat' dir='ltr'><strong>nou</strong></span> <span class='ocrx_word' id='word_1_7' title='bbox 829 578 963 650; x_wconf 85' lang='lat' dir='ltr'><strong>possunt</strong></span> <span class='ocrx_word' id='word_1_8' title='bbox 1007 572 1147 633; x_wconf 87' lang='lat' dir='ltr'><strong>Similiter</strong></span> <span class='ocrx_word' id='word_1_9' title='bbox 1180 588 1274 648; x_wconf 86' lang='lat' dir='ltr'><strong>supra</strong></span> <span class='ocrx_word' id='word_1_10' title='bbox 1304 568 1334 625; x_wconf 86' lang='lat' dir='ltr'><strong>in</strong></span> 
     </span>
     <span class='ocr_line' id='line_1_3' title="bbox 208 671 1057 735; baseline 0.002 -5"><span class='ocrx_word' id='word_1_11' title='bbox 208 671 379 731; x_wconf 77' lang='lat' dir='ltr'><strong>Troadibus</strong></span> <span class='ocrx_word' id='word_1_12' title='bbox 403 673 605 733; x_wconf 88' lang='lat' dir='ltr'><strong>demonstravi</strong></span> <span class='ocrx_word' id='word_1_13' title='bbox 630 675 728 734; x_wconf 89' lang='lat' dir='ltr'><strong>verbis</strong></span> <span class='ocrx_word' id='word_1_14' title='bbox 750 676 978 735; x_wconf 75' lang='lat' dir='ltr'><strong>Andromachae</strong></span> <span class='ocrx_word' id='word_1_15' title='bbox 1001 676 1057 735; x_wconf 90' lang='lat' dir='ltr'><strong>his:</strong></span> 
     </span>
    </p>

    <p class='ocr_par' dir='ltr' id='par_1_3' title="bbox 360 761 1136 854">
     <span class='ocr_line' id='line_1_4' title="bbox 360 761 1136 854; baseline 0.005 -22"><span class='ocrx_word' id='word_1_16' title='bbox 360 764 547 851; x_wconf 76' lang='grc' dir='ltr'><strong><em>πρόσπιτνε</em></strong></span> <span class='ocrx_word' id='word_1_17' title='bbox 570 765 633 854; x_wconf 78' lang='grc' dir='ltr'><strong>τὴν</strong></span> <span class='ocrx_word' id='word_1_18' title='bbox 655 773 833 849; x_wconf 74' lang='grc' dir='ltr'><strong><em>τεκοῦσαν,</em></strong></span> <span class='ocrx_word' id='word_1_19' title='bbox 856 764 939 854; x_wconf 77' lang='grc' dir='ltr'><strong>ἀμφὶ</strong></span> <span class='ocrx_word' id='word_1_20' title='bbox 963 761 992 836; x_wconf 82' lang='grc' dir='ltr'><strong>δ’</strong></span> <span class='ocrx_word' id='word_1_21' title='bbox 1008 763 1136 848; x_wconf 77' lang='grc' dir='ltr'><strong><em>ὠλένας</em></strong></span> 
     </span>
    </p>

    <p class='ocr_par' dir='ltr' id='par_1_4' title="bbox 208 861 1344 2077">
     <span class='ocr_line' id='line_1_5' title="bbox 363 861 825 955; baseline 0.009 -21"><span class='ocrx_word' id='word_1_22' title='bbox 363 861 463 935; x_wconf 76' lang='grc' dir='ltr'><strong><em>ἕλισσ’</em></strong></span> <span class='ocrx_word' id='word_1_23' title='bbox 480 870 570 955; x_wconf 75' lang='grc' dir='ltr'><strong><em>ἐμοῖς</em></strong></span> <span class='ocrx_word' id='word_1_24' title='bbox 593 868 730 938; x_wconf 83' lang='grc' dir='ltr'><em>νώτοισι</em></span> <span class='ocrx_word' id='word_1_25' title='bbox 752 878 825 938; x_wconf 82' lang='grc' dir='ltr'><strong><em>κτλ.</em></strong></span> 
     </span>
     <span class='ocr_line' id='line_1_6' title="bbox 209 974 1339 1054; baseline -0.004 -17"><span class='ocrx_word' id='word_1_26' title='bbox 209 979 332 1038; x_wconf 88' lang='lat' dir='ltr'><strong>indicari</strong></span> <span class='ocrx_word' id='word_1_27' title='bbox 350 979 562 1054; x_wconf 84' lang='lat' dir='ltr'><strong>Astyanactem</strong></span> <span class='ocrx_word' id='word_1_28' title='bbox 586 985 719 1040; x_wconf 88' lang='lat' dir='ltr'><strong>amatre</strong></span> <span class='ocrx_word' id='word_1_29' title='bbox 742 981 889 1042; x_wconf 88' lang='lat' dir='ltr'><strong>sublatum</strong></span> <span class='ocrx_word' id='word_1_30' title='bbox 913 1000 987 1042; x_wconf 88' lang='lat' dir='ltr'><strong>esse.</strong></span> <span class='ocrx_word' id='word_1_31' title='bbox 1019 983 1133 1042; x_wconf 82' lang='lat' dir='ltr'><strong>Tamen</strong></span> <span class='ocrx_word' id='word_1_32' title='bbox 1153 1001 1190 1041; x_wconf 79' lang='lat' dir='ltr'><strong>ex</strong></span> <span class='ocrx_word' id='word_1_33' title='bbox 1207 974 1339 1039; x_wconf 87' lang='lat' dir='ltr'><strong>nutricis</strong></span> 
     </span>
     <span class='ocr_line' id='line_1_7' title="bbox 208 1081 1338 1161; baseline -0.004 -23"><span class='ocrx_word' id='word_1_34' title='bbox 208 1082 308 1139; x_wconf 87' lang='lat' dir='ltr'><strong>verbis</strong></span> <span class='ocrx_word' id='word_1_35' title='bbox 333 1082 452 1141; x_wconf 91' lang='lat' dir='ltr'><strong>minime</strong></span> <span class='ocrx_word' id='word_1_36' title='bbox 474 1081 503 1140; x_wconf 93' lang='lat' dir='ltr'><strong>id</strong></span> <span class='ocrx_word' id='word_1_37' title='bbox 528 1083 596 1141; x_wconf 82' lang='lat' dir='ltr'><strong>milri</strong></span> <span class='ocrx_word' id='word_1_38' title='bbox 620 1085 789 1143; x_wconf 88' lang='lat' dir='ltr'><strong>necessario</strong></span> <span class='ocrx_word' id='word_1_39' title='bbox 812 1084 912 1161; x_wconf 77' lang='lat' dir='ltr'>colligi</span> <span class='ocrx_word' id='word_1_40' title='bbox 929 1084 1058 1160; x_wconf 87' lang='lat' dir='ltr'><strong>videtur,</strong></span> <span class='ocrx_word' id='word_1_41' title='bbox 1080 1102 1184 1144; x_wconf 85' lang='lat' dir='ltr'><strong>rerum</strong></span> <span class='ocrx_word' id='word_1_42' title='bbox 1205 1094 1338 1158; x_wconf 89' lang='lat' dir='ltr'><strong>puerum</strong></span> 
     </span>
     <span class='ocr_line' id='line_1_8' title="bbox 208 1180 1339 1264; baseline -0.002 -24"><span class='ocrx_word' id='word_1_43' title='bbox 208 1182 238 1241; x_wconf 93' lang='lat' dir='ltr'><strong>in</strong></span> <span class='ocrx_word' id='word_1_44' title='bbox 271 1201 379 1243; x_wconf 88' lang='lat' dir='ltr'><strong>scaena</strong></span> <span class='ocrx_word' id='word_1_45' title='bbox 409 1183 514 1254; x_wconf 88' lang='lat' dir='ltr'><strong>fuisse;</strong></span> <span class='ocrx_word' id='word_1_46' title='bbox 549 1186 646 1261; x_wconf 85' lang='lat' dir='ltr'><strong>immo,</strong></span> <span class='ocrx_word' id='word_1_47' title='bbox 672 1185 787 1246; x_wconf 79' lang='lat' dir='ltr'><strong>simodo</strong></span> <span class='ocrx_word' id='word_1_48' title='bbox 817 1188 867 1245; x_wconf 89' lang='lat' dir='ltr'><strong>tali</strong></span> <span class='ocrx_word' id='word_1_49' title='bbox 890 1188 1025 1264; x_wconf 77' lang='lat' dir='ltr'><strong>imagini,</strong></span> <span class='ocrx_word' id='word_1_50' title='bbox 1054 1188 1178 1247; x_wconf 88' lang='lat' dir='ltr'><strong>nutricis</strong></span> <span class='ocrx_word' id='word_1_51' title='bbox 1200 1201 1270 1242; x_wconf 88' lang='lat' dir='ltr'><strong>cum</strong></span> <span class='ocrx_word' id='word_1_52' title='bbox 1295 1180 1339 1238; x_wconf 90' lang='lat' dir='ltr'><strong>in·</strong></span> 
     </span>
     <span class='ocr_line' id='line_1_9' title="bbox 209 1282 1339 1366; baseline -0.005 -22"><span class='ocrx_word' id='word_1_53' title='bbox 209 1286 301 1362; x_wconf 88' lang='lat' dir='ltr'><strong>laute,</strong></span> <span class='ocrx_word' id='word_1_54' title='bbox 323 1287 533 1362; x_wconf 72' lang='lat' dir='ltr'><strong>depingendae</strong></span> <span class='ocrx_word' id='word_1_55' title='bbox 556 1291 648 1346; x_wconf 88' lang='lat' dir='ltr'><strong>artem</strong></span> <span class='ocrx_word' id='word_1_56' title='bbox 674 1306 756 1346; x_wconf 87' lang='lat' dir='ltr'><strong>suam</strong></span> <span class='ocrx_word' id='word_1_57' title='bbox 773 1289 933 1366; x_wconf 80' lang='lat' dir='ltr'><strong>Euripides</strong></span> <span class='ocrx_word' id='word_1_58' title='bbox 951 1289 1104 1364; x_wconf 89' lang='lat' dir='ltr'><strong>impertire</strong></span> <span class='ocrx_word' id='word_1_59' title='bbox 1120 1287 1224 1361; x_wconf 87' lang='lat' dir='ltr'><strong>voluit,</strong></span> <span class='ocrx_word' id='word_1_60' title='bbox 1247 1282 1339 1342; x_wconf 89' lang='lat' dir='ltr'><strong>etiam</strong></span> 
     </span>
     <span class='ocr_line' id='line_1_10' title="bbox 209 1382 1342 1468; baseline -0.005 -23"><span class='ocrx_word' id='word_1_61' title='bbox 209 1389 304 1447; x_wconf 91' lang='lat' dir='ltr'><strong>verba</strong></span> <span class='ocrx_word' id='word_1_62' title='bbox 328 1390 435 1448; x_wconf 91' lang='lat' dir='ltr'><strong>nutrici</strong></span> <span class='ocrx_word' id='word_1_63' title='bbox 459 1388 562 1449; x_wconf 82' lang='lat' dir='ltr'><strong>debuit</strong></span> <span class='ocrx_word' id='word_1_64' title='bbox 583 1391 723 1466; x_wconf 88' lang='lat' dir='ltr'><strong>tribuere,</strong></span> <span class='ocrx_word' id='word_1_65' title='bbox 746 1408 824 1468; x_wconf 88' lang='lat' dir='ltr'><strong>quae</strong></span> <span class='ocrx_word' id='word_1_66' title='bbox 847 1393 926 1451; x_wconf 89' lang='lat' dir='ltr'><strong>vitae</strong></span> <span class='ocrx_word' id='word_1_67' title='bbox 949 1393 1081 1467; x_wconf 87' lang='lat' dir='ltr'><strong>vigorem</strong></span> <span class='ocrx_word' id='word_1_68' title='bbox 1105 1390 1264 1450; x_wconf 78' lang='lat' dir='ltr'><strong>referrent.</strong></span> <span class='ocrx_word' id='word_1_69' title='bbox 1308 1382 1342 1441; x_wconf 86' lang='lat' dir='ltr'><strong>Si</strong></span> 
     </span>
     <span class='ocr_line' id='line_1_11' title="bbox 209 1487 1342 1570; baseline -0.005 -22"><span class='ocrx_word' id='word_1_70' title='bbox 209 1496 308 1549; x_wconf 87' lang='lat' dir='ltr'><strong>autem</strong></span> <span class='ocrx_word' id='word_1_71' title='bbox 339 1491 377 1550; x_wconf 89' lang='lat' dir='ltr'><strong>ob</strong></span> <span class='ocrx_word' id='word_1_72' title='bbox 407 1490 566 1550; x_wconf 87' lang='lat' dir='ltr'><strong>iudicatam</strong></span> <span class='ocrx_word' id='word_1_73' title='bbox 599 1494 744 1553; x_wconf 89' lang='lat' dir='ltr'><strong>actionem</strong></span> <span class='ocrx_word' id='word_1_74' title='bbox 769 1512 872 1554; x_wconf 84' lang='lat' dir='ltr'><strong>rerum</strong></span> <span class='ocrx_word' id='word_1_75' title='bbox 894 1513 1019 1570; x_wconf 90' lang='lat' dir='ltr'><strong>puerum</strong></span> <span class='ocrx_word' id='word_1_76' title='bbox 1051 1495 1080 1553; x_wconf 97' lang='lat' dir='ltr'><strong>in</strong></span> <span class='ocrx_word' id='word_1_77' title='bbox 1103 1509 1215 1553; x_wconf 89' lang='lat' dir='ltr'><strong>scaeua</strong></span> <span class='ocrx_word' id='word_1_78' title='bbox 1243 1487 1342 1546; x_wconf 88' lang='lat' dir='ltr'><strong>luisse</strong></span> 
     </span>
     <span class='ocr_line' id='line_1_12' title="bbox 209 1587 1343 1673; baseline -0.003 -23"><span class='ocrx_word' id='word_1_79' title='bbox 209 1596 307 1667; x_wconf 85' lang='lat' dir='ltr'><strong>putas,</strong></span> <span class='ocrx_word' id='word_1_80' title='bbox 331 1612 390 1652; x_wconf 93' lang='lat' dir='ltr'><strong>nou</strong></span> <span class='ocrx_word' id='word_1_81' title='bbox 413 1593 571 1670; x_wconf 79' lang='lat' dir='ltr'><strong>infantem,</strong></span> <span class='ocrx_word' id='word_1_82' title='bbox 599 1594 652 1654; x_wconf 93' lang='lat' dir='ltr'><strong>sed</strong></span> <span class='ocrx_word' id='word_1_83' title='bbox 677 1600 746 1656; x_wconf 92' lang='lat' dir='ltr'><strong>natu</strong></span> <span class='ocrx_word' id='word_1_84' title='bbox 771 1598 925 1673; x_wconf 88' lang='lat' dir='ltr'><strong>maiorem,</strong></span> <span class='ocrx_word' id='word_1_85' title='bbox 947 1595 1009 1656; x_wconf 87' lang='lat' dir='ltr'><strong>iere</strong></span> <span class='ocrx_word' id='word_1_86' title='bbox 1034 1597 1231 1668; x_wconf 85' lang='lat' dir='ltr'><strong>Vannorum,</strong></span> <span class='ocrx_word' id='word_1_87' title='bbox 1255 1587 1343 1662; x_wconf 86' lang='lat' dir='ltr'><strong>cogi·</strong></span> 
     </span>
     <span class='ocr_line' id='line_1_13' title="bbox 209 1690 1344 1774; baseline -0.007 -22"><span class='ocrx_word' id='word_1_88' title='bbox 209 1699 275 1752; x_wconf 79' lang='lat' dir='ltr'><strong>tare</strong></span> <span class='ocrx_word' id='word_1_89' title='bbox 298 1694 400 1771; x_wconf 89' lang='lat' dir='ltr'><strong>debes,</strong></span> <span class='ocrx_word' id='word_1_90' title='bbox 430 1701 463 1754; x_wconf 86' lang='lat' dir='ltr'><strong>ut</strong></span> <span class='ocrx_word' id='word_1_91' title='bbox 485 1696 604 1755; x_wconf 91' lang='lat' dir='ltr'><strong>omniuo</strong></span> <span class='ocrx_word' id='word_1_92' title='bbox 629 1698 743 1757; x_wconf 90' lang='lat' dir='ltr'><strong>muneri</strong></span> <span class='ocrx_word' id='word_1_93' title='bbox 766 1697 807 1755; x_wconf 94' lang='lat' dir='ltr'><strong>illi</strong></span> <span class='ocrx_word' id='word_1_94' title='bbox 831 1716 886 1774; x_wconf 90' lang='lat' dir='ltr'><strong>par</strong></span> <span class='ocrx_word' id='word_1_95' title='bbox 908 1698 998 1757; x_wconf 84' lang='lat' dir='ltr'><strong>luisse</strong></span> <span class='ocrx_word' id='word_1_96' title='bbox 1022 1696 1170 1756; x_wconf 87' lang='lat' dir='ltr'><strong>videatur.</strong></span> <span class='ocrx_word' id='word_1_97' title='bbox 1215 1693 1258 1752; x_wconf 83' lang='lat' dir='ltr'><strong>At</strong></span> <span class='ocrx_word' id='word_1_98' title='bbox 1283 1690 1344 1748; x_wconf 90' lang='lat' dir='ltr'><strong>hoc</strong></span> 
     </span>
     <span class='ocr_line' id='line_1_14' title="bbox 209 1790 1344 1875; baseline -0.006 -22"><span class='ocrx_word' id='word_1_99' title='bbox 209 1796 372 1855; x_wconf 85' lang='lat' dir='ltr'><strong>absurdum</strong></span> <span class='ocrx_word' id='word_1_100' title='bbox 396 1801 442 1856; x_wconf 89' lang='lat' dir='ltr'><strong>est</strong></span> <span class='ocrx_word' id='word_1_101' title='bbox 464 1797 588 1858; x_wconf 88' lang='lat' dir='ltr'><strong>credere</strong></span> <span class='ocrx_word' id='word_1_102' title='bbox 612 1799 785 1875; x_wconf 79' lang='lat' dir='ltr'><strong>Euripidem</strong></span> <span class='ocrx_word' id='word_1_103' title='bbox 809 1799 945 1859; x_wconf 81' lang='lat' dir='ltr'><strong>histrioni</strong></span> <span class='ocrx_word' id='word_1_104' title='bbox 976 1815 1191 1875; x_wconf 87' lang='lat' dir='ltr'><strong>permagnam</strong></span> <span class='ocrx_word' id='word_1_105' title='bbox 1216 1790 1344 1854; x_wconf 81' lang='lat' dir='ltr'><strong>fabulae</strong></span> 
     </span>
     <span class='ocr_line' id='line_1_15' title="bbox 210 1896 1344 1977; baseline -0.003 -22"><span class='ocrx_word' id='word_1_106' title='bbox 210 1903 325 1972; x_wconf 89' lang='lat' dir='ltr'><strong>partem</strong></span> <span class='ocrx_word' id='word_1_107' title='bbox 356 1899 424 1957; x_wconf 89' lang='lat' dir='ltr'><strong>talis</strong></span> <span class='ocrx_word' id='word_1_108' title='bbox 452 1900 537 1974; x_wconf 90' lang='lat' dir='ltr'><strong>pueri</strong></span> <span class='ocrx_word' id='word_1_109' title='bbox 560 1918 637 1959; x_wconf 91' lang='lat' dir='ltr'><strong>onus</strong></span> <span class='ocrx_word' id='word_1_110' title='bbox 658 1901 834 1977; x_wconf 76' lang='lat' dir='ltr'><strong>imposuisse</strong></span> <span class='ocrx_word' id='word_1_111' title='bbox 857 1900 1071 1960; x_wconf 88' lang='lat' dir='ltr'><strong>sustinendum.</strong></span> <span class='ocrx_word' id='word_1_112' title='bbox 1115 1901 1208 1958; x_wconf 92' lang='lat' dir='ltr'><strong>lmmo</strong></span> <span class='ocrx_word' id='word_1_113' title='bbox 1232 1896 1344 1971; x_wconf 80' lang='lat' dir='ltr'><strong>gestus</strong></span> 
     </span>
     <span class='ocr_line' id='line_1_16' title="bbox 209 1992 1344 2077; baseline -0.002 -20"><span class='ocrx_word' id='word_1_114' title='bbox 209 2001 295 2073; x_wconf 89' lang='lat' dir='ltr'><strong>pueri</strong></span> <span class='ocrx_word' id='word_1_115' title='bbox 321 1999 490 2076; x_wconf 87' lang='lat' dir='ltr'><strong>lingitur,</strong></span> <span class='ocrx_word' id='word_1_116' title='bbox 513 2002 591 2059; x_wconf 89' lang='lat' dir='ltr'><strong>sicut</strong></span> <span class='ocrx_word' id='word_1_117' title='bbox 614 2002 643 2059; x_wconf 92' lang='lat' dir='ltr'><strong>iu</strong></span> <span class='ocrx_word' id='word_1_118' title='bbox 667 2002 825 2077; x_wconf 86' lang='lat' dir='ltr'><strong>iphigenia</strong></span> <span class='ocrx_word' id='word_1_119' title='bbox 840 2002 995 2062; x_wconf 84' lang='lat' dir='ltr'><strong>Aulidensi</strong></span> <span class='ocrx_word' id='word_1_120' title='bbox 1020 2002 1118 2062; x_wconf 89' lang='lat' dir='ltr'><strong>verbis</strong></span> <span class='ocrx_word' id='word_1_121' title='bbox 1143 2001 1189 2058; x_wconf 82' lang='lat' dir='ltr'><strong>lis</strong></span> <span class='ocrx_word' id='word_1_122' title='bbox 1213 1992 1344 2070; x_wconf 78' lang='lat'>(1245)2</span> 
     </span>
    </p>

    <p class='ocr_par' dir='ltr' id='par_1_5' title="bbox 210 2083 1348 2998">
     <span class='ocr_line' id='line_1_17' title="bbox 365 2083 1092 2180; baseline 0.003 -21"><span class='ocrx_word' id='word_1_123' title='bbox 365 2092 451 2173; x_wconf 80' lang='grc' dir='ltr'><strong><em>ἰδού,</em></strong></span> <span class='ocrx_word' id='word_1_124' title='bbox 476 2098 616 2160; x_wconf 78' lang='grc' dir='ltr'><strong><em>σιωπῶν</em></strong></span> <span class='ocrx_word' id='word_1_125' title='bbox 639 2098 784 2161; x_wconf 70' lang='grc' dir='ltr'><strong><em>λίσσεταί</em></strong></span> <span class='ocrx_word' id='word_1_126' title='bbox 808 2088 836 2162; x_wconf 88' lang='lat' dir='ltr'><strong>o&#39;</strong></span> <span class='ocrx_word' id='word_1_127' title='bbox 853 2090 913 2176; x_wconf 81' lang='grc' dir='ltr'><strong>ὅδ’,</strong></span> <span class='ocrx_word' id='word_1_128' title='bbox 937 2083 1092 2180; x_wconf 78' lang='grc' dir='ltr'><em>ὦπάτερ</em></span> 
     </span>
     <span class='ocr_line' id='line_1_18' title="bbox 210 2199 1345 2280; baseline -0.004 -22"><span class='ocrx_word' id='word_1_129' title='bbox 210 2201 298 2261; x_wconf 84' lang='lat' dir='ltr'><strong>ficta</strong></span> <span class='ocrx_word' id='word_1_130' title='bbox 321 2204 439 2277; x_wconf 87' lang='lat' dir='ltr'><strong>parvuli</strong></span> <span class='ocrx_word' id='word_1_131' title='bbox 463 2202 577 2263; x_wconf 89' lang='lat' dir='ltr'><strong>Orestis</strong></span> <span class='ocrx_word' id='word_1_132' title='bbox 601 2202 776 2280; x_wconf 78' lang='lat' dir='ltr'><strong>(simulacri)</strong></span> <span class='ocrx_word' id='word_1_133' title='bbox 801 2208 877 2267; x_wconf 91' lang='lat' dir='ltr'><strong>actio</strong></span> <span class='ocrx_word' id='word_1_134' title='bbox 901 2207 1059 2266; x_wconf 87' lang='lat' dir='ltr'><strong>indicatur.</strong></span> <span class='ocrx_word' id='word_1_135' title='bbox 1074 2235 1116 2246; x_wconf 90' lang='lat'>—</span> <span class='ocrx_word' id='word_1_136' title='bbox 1141 2203 1243 2277; x_wconf 81' lang='lat' dir='ltr'><strong>Quam</strong></span> <span class='ocrx_word' id='word_1_137' title='bbox 1267 2199 1345 2257; x_wconf 88' lang='lat' dir='ltr'><strong>mire</strong></span> 
     </span>
     <span class='ocr_line' id='line_1_19' title="bbox 210 2304 1345 2385; baseline 0.003 -23"><span class='ocrx_word' id='word_1_138' title='bbox 210 2323 282 2364; x_wconf 88' lang='lat' dir='ltr'><strong>vero</strong></span> <span class='ocrx_word' id='word_1_139' title='bbox 316 2305 368 2364; x_wconf 89' lang='lat' dir='ltr'><strong>has</strong></span> <span class='ocrx_word' id='word_1_140' title='bbox 391 2306 551 2367; x_wconf 88' lang='lat' dir='ltr'><strong>blanditias</strong></span> <span class='ocrx_word' id='word_1_141' title='bbox 581 2310 638 2366; x_wconf 90' lang='lat' dir='ltr'><strong>arti</strong></span> <span class='ocrx_word' id='word_1_142' title='bbox 670 2326 742 2368; x_wconf 87' lang='lat' dir='ltr'><strong>suae</strong></span> <span class='ocrx_word' id='word_1_143' title='bbox 770 2310 904 2385; x_wconf 88' lang='lat' dir='ltr'><strong>tragicae</strong></span> <span class='ocrx_word' id='word_1_144' title='bbox 933 2309 1101 2369; x_wconf 89' lang='lat' dir='ltr'><strong>adhibuerit</strong></span> <span class='ocrx_word' id='word_1_145' title='bbox 1124 2311 1225 2383; x_wconf 84' lang='lat' dir='ltr'><strong>poeta,</strong></span> <span class='ocrx_word' id='word_1_146' title='bbox 1251 2304 1282 2361; x_wconf 87' lang='lat' dir='ltr'><strong>in</strong></span> <span class='ocrx_word' id='word_1_147' title='bbox 1308 2317 1345 2359; x_wconf 74' lang='lat' dir='ltr'><strong>eo</strong></span> 
     </span>
     <span class='ocr_line' id='line_1_20' title="bbox 211 2402 1346 2487; baseline -0.004 -23"><span class='ocrx_word' id='word_1_148' title='bbox 211 2403 374 2483; x_wconf 89' lang='lat' dir='ltr'><strong>cernimus,</strong></span> <span class='ocrx_word' id='word_1_149' title='bbox 409 2409 490 2484; x_wconf 86' lang='lat' dir='ltr'><strong>quod</strong></span> <span class='ocrx_word' id='word_1_150' title='bbox 521 2411 657 2470; x_wconf 87' lang='lat' dir='ltr'><strong>consulto</strong></span> <span class='ocrx_word' id='word_1_151' title='bbox 688 2411 767 2470; x_wconf 90' lang='lat' dir='ltr'><strong>hunc</strong></span> <span class='ocrx_word' id='word_1_152' title='bbox 796 2412 881 2487; x_wconf 87' lang='lat' dir='ltr'><strong>pueri</strong></span> <span class='ocrx_word' id='word_1_153' title='bbox 910 2429 1038 2470; x_wconf 90' lang='lat' dir='ltr'><strong>amorem</strong></span> <span class='ocrx_word' id='word_1_154' title='bbox 1062 2411 1103 2469; x_wconf 93' lang='lat' dir='ltr'><strong>illi</strong></span> <span class='ocrx_word' id='word_1_155' title='bbox 1128 2407 1215 2468; x_wconf 79' lang='lat' dir='ltr'><strong>fatali</strong></span> <span class='ocrx_word' id='word_1_156' title='bbox 1240 2402 1346 2478; x_wconf 89' lang='lat' dir='ltr'><strong>negle-</strong></span> 
     </span>
     <span class='ocr_line' id='line_1_21' title="bbox 211 2507 1348 2591; baseline -0.003 -26"><span class='ocrx_word' id='word_1_157' title='bbox 211 2508 332 2584; x_wconf 86' lang='lat' dir='ltr'><strong>gentiae</strong></span> <span class='ocrx_word' id='word_1_158' title='bbox 356 2513 512 2586; x_wconf 90' lang='lat' dir='ltr'><strong>opposuit,</strong></span> <span class='ocrx_word' id='word_1_159' title='bbox 535 2531 589 2587; x_wconf 91' lang='lat' dir='ltr'><strong>per</strong></span> <span class='ocrx_word' id='word_1_160' title='bbox 612 2531 700 2589; x_wconf 86' lang='lat' dir='ltr'><strong>quam</strong></span> <span class='ocrx_word' id='word_1_161' title='bbox 724 2531 801 2589; x_wconf 90' lang='lat' dir='ltr'><strong>puer</strong></span> <span class='ocrx_word' id='word_1_162' title='bbox 820 2515 904 2591; x_wconf 84' lang='lat' dir='ltr'><strong>perit</strong></span> <span class='ocrx_word' id='word_1_163' title='bbox 927 2543 970 2554; x_wconf 92' lang='lat'><em>-</em></span> <span class='ocrx_word' id='word_1_164' title='bbox 1002 2515 1112 2573; x_wconf 80' lang='lat' dir='ltr'><strong>Postea</strong></span> <span class='ocrx_word' id='word_1_165' title='bbox 1135 2509 1279 2578; x_wconf 89' lang='lat' dir='ltr'><strong>nuntius,</strong></span> <span class='ocrx_word' id='word_1_166' title='bbox 1315 2507 1348 2562; x_wconf 85' lang='lat' dir='ltr'><strong>ut</strong></span> 
     </span>
     <span class='ocr_line' id='line_1_22' title="bbox 211 2609 1347 2691; baseline -0.004 -23"><span class='ocrx_word' id='word_1_167' title='bbox 211 2612 326 2686; x_wconf 85' lang='lat' dir='ltr'><strong>opinor,</strong></span> <span class='ocrx_word' id='word_1_168' title='bbox 359 2613 539 2688; x_wconf 80' lang='lat' dir='ltr'><strong>Argivorum</strong></span> <span class='ocrx_word' id='word_1_169' title='bbox 570 2615 692 2691; x_wconf 89' lang='lat' dir='ltr'><strong>prodiit,</strong></span> <span class='ocrx_word' id='word_1_170' title='bbox 714 2615 762 2673; x_wconf 87' lang='lat' dir='ltr'><strong>vel</strong></span> <span class='ocrx_word' id='word_1_171' title='bbox 786 2617 849 2690; x_wconf 89' lang='lat' dir='ltr'><strong>ipse</strong></span> <span class='ocrx_word' id='word_1_172' title='bbox 879 2615 1005 2675; x_wconf 89' lang='lat' dir='ltr'><strong>fortasse</strong></span> <span class='ocrx_word' id='word_1_173' title='bbox 1028 2614 1192 2682; x_wconf 82' lang='lat' dir='ltr'><strong>Adrastus,</strong></span> <span class='ocrx_word' id='word_1_174' title='bbox 1229 2609 1347 2668; x_wconf 84' lang='lat' dir='ltr'><strong>iontem</strong></span> 
     </span>
     <span class='ocr_line' id='line_1_23' title="bbox 210 2709 1347 2793; baseline -0.008 -20"><span class='ocrx_word' id='word_1_175' title='bbox 210 2732 374 2791; x_wconf 80' lang='lat' dir='ltr'><strong>quaerens3</strong></span> <span class='ocrx_word' id='word_1_176' title='bbox 408 2716 606 2793; x_wconf 87' lang='lat' dir='ltr'><strong>Hypsipylam</strong></span> <span class='ocrx_word' id='word_1_177' title='bbox 638 2721 734 2775; x_wconf 89' lang='lat' dir='ltr'><strong>autem</strong></span> <span class='ocrx_word' id='word_1_178' title='bbox 766 2722 838 2792; x_wconf 91' lang='lat' dir='ltr'><strong>puto</strong></span> <span class='ocrx_word' id='word_1_179' title='bbox 863 2719 1000 2793; x_wconf 83' lang='lat' dir='ltr'><strong>primum,</strong></span> <span class='ocrx_word' id='word_1_180' title='bbox 1035 2736 1104 2775; x_wconf 92' lang='lat' dir='ltr'><strong>uum</strong></span> <span class='ocrx_word' id='word_1_181' title='bbox 1127 2717 1234 2790; x_wconf 89' lang='lat' dir='ltr'><strong>posset</strong></span> <span class='ocrx_word' id='word_1_182' title='bbox 1258 2709 1347 2769; x_wconf 88' lang='lat' dir='ltr'><strong>salvo</strong></span> 
     </span>
     <span class='ocr_line' id='line_1_24' title="bbox 212 2810 1347 2894; baseline -0.006 -20"><span class='ocrx_word' id='word_1_183' title='bbox 212 2834 267 2874; x_wconf 93' lang='lat' dir='ltr'><strong>suo</strong></span> <span class='ocrx_word' id='word_1_184' title='bbox 292 2836 365 2893; x_wconf 88' lang='lat' dir='ltr'><strong>erga</strong></span> <span class='ocrx_word' id='word_1_185' title='bbox 388 2837 513 2894; x_wconf 91' lang='lat' dir='ltr'><strong>puerum</strong></span> <span class='ocrx_word' id='word_1_186' title='bbox 543 2817 640 2878; x_wconf 89' lang='lat' dir='ltr'><strong>olticio</strong></span> <span class='ocrx_word' id='word_1_187' title='bbox 670 2818 706 2875; x_wconf 92' lang='lat' dir='ltr'><strong>ad</strong></span> <span class='ocrx_word' id='word_1_188' title='bbox 731 2819 843 2878; x_wconf 90' lang='lat' dir='ltr'><strong>sontem</strong></span> <span class='ocrx_word' id='word_1_189' title='bbox 868 2819 959 2894; x_wconf 89' lang='lat' dir='ltr'><strong>abire,</strong></span> <span class='ocrx_word' id='word_1_190' title='bbox 992 2819 1183 2892; x_wconf 86' lang='lat' dir='ltr'><strong>deliberasse,</strong></span> <span class='ocrx_word' id='word_1_191' title='bbox 1218 2810 1347 2873; x_wconf 89' lang='lat' dir='ltr'><strong>taudem</strong></span> 
     </span>
     <span class='ocr_line' id='line_1_25' title="bbox 211 2921 914 2998; baseline 0.003 -20"><span class='ocrx_word' id='word_1_192' title='bbox 211 2921 322 2979; x_wconf 90' lang='lat' dir='ltr'><strong>abiisse</strong></span> <span class='ocrx_word' id='word_1_193' title='bbox 346 2939 412 2978; x_wconf 92' lang='lat' dir='ltr'><strong>cum</strong></span> <span class='ocrx_word' id='word_1_194' title='bbox 438 2921 497 2980; x_wconf 86' lang='lat' dir='ltr'><strong>itto.</strong></span> <span class='ocrx_word' id='word_1_195' title='bbox 542 2921 611 2978; x_wconf 87' lang='lat' dir='ltr'><strong>lluc</strong></span> <span class='ocrx_word' id='word_1_196' title='bbox 633 2928 749 2996; x_wconf 87' lang='lat' dir='ltr'><strong>spectat</strong></span> <span class='ocrx_word' id='word_1_197' title='bbox 771 2921 827 2998; x_wconf 88' lang='lat' dir='ltr'><strong>frg.</strong></span> <span class='ocrx_word' id='word_1_198' title='bbox 841 2925 914 2982; x_wconf 78' lang='lat'>753:</span> 
     </span>
    </p>

    <p class='ocr_par' dir='ltr' id='par_1_6' title="bbox 211 3008 1354 4221">
     <span class='ocr_line' id='line_1_26' title="bbox 367 3008 1053 3102; baseline 0.004 -22"><span class='ocrx_word' id='word_1_199' title='bbox 367 3019 467 3097; x_wconf 74' lang='grc' dir='ltr'><em>δείξω</em></span> <span class='ocrx_word' id='word_1_200' title='bbox 489 3018 550 3101; x_wconf 80' lang='grc' dir='ltr'><strong>μὲν</strong></span> <span class='ocrx_word' id='word_1_201' title='bbox 570 3008 760 3100; x_wconf 74' lang='grc' dir='ltr'><strong><em>Ἀργείοισιν</em></strong></span> <span class='ocrx_word' id='word_1_202' title='bbox 780 3013 938 3102; x_wconf 77' lang='grc' dir='ltr'><strong><em>Ἀχελῴου</em></strong></span> <span class='ocrx_word' id='word_1_203' title='bbox 962 3015 1053 3102; x_wconf 77' lang='grc' dir='ltr'><strong><em>ῥόον.</em></strong></span> 
     </span>
     <span class='ocr_line' id='line_1_27' title="bbox 212 3120 1351 3203; baseline -0.008 -19"><span class='ocrx_word' id='word_1_204' title='bbox 212 3126 297 3199; x_wconf 78' lang='lat' dir='ltr'><strong>Quae</strong></span> <span class='ocrx_word' id='word_1_205' title='bbox 325 3145 361 3184; x_wconf 84' lang='lat' dir='ltr'><strong>ex</strong></span> <span class='ocrx_word' id='word_1_206' title='bbox 386 3127 483 3185; x_wconf 85' lang='lat' dir='ltr'><strong>uurttii</strong></span> <span class='ocrx_word' id='word_1_207' title='bbox 507 3126 678 3185; x_wconf 81' lang='lat' dir='ltr'><strong>narratione</strong></span> <span class='ocrx_word' id='word_1_208' title='bbox 701 3137 819 3203; x_wconf 90' lang='lat' dir='ltr'><strong>sumpta</strong></span> <span class='ocrx_word' id='word_1_209' title='bbox 841 3145 907 3186; x_wconf 86' lang='lat' dir='ltr'><strong>esse</strong></span> <span class='ocrx_word' id='word_1_210' title='bbox 929 3128 979 3186; x_wconf 81' lang='lat' dir='ltr'><strong>viu</strong></span> <span class='ocrx_word' id='word_1_211' title='bbox 995 3125 1124 3202; x_wconf 86' lang='lat' dir='ltr'><strong>credam,</strong></span> <span class='ocrx_word' id='word_1_212' title='bbox 1147 3122 1233 3201; x_wconf 87' lang='lat' dir='ltr'><strong>quod</strong></span> <span class='ocrx_word' id='word_1_213' title='bbox 1252 3120 1351 3178; x_wconf 90' lang='lat' dir='ltr'><strong>verba</strong></span> 
     </span>
     <span class='ocr_line' id='line_1_28' title="bbox 213 3221 1352 3305; baseline -0.004 -21"><span class='ocrx_word' id='word_1_214' title='bbox 213 3228 359 3286; x_wconf 86' lang='lat' dir='ltr'><strong>verbatim</strong></span> <span class='ocrx_word' id='word_1_215' title='bbox 385 3247 420 3286; x_wconf 80' lang='lat' dir='ltr'><strong>ex</strong></span> <span class='ocrx_word' id='word_1_216' title='bbox 445 3228 577 3286; x_wconf 88' lang='lat' dir='ltr'><strong>absentis</strong></span> <span class='ocrx_word' id='word_1_217' title='bbox 600 3247 739 3288; x_wconf 90' lang='lat' dir='ltr'><strong>sermone</strong></span> <span class='ocrx_word' id='word_1_218' title='bbox 763 3248 820 3288; x_wconf 93' lang='lat' dir='ltr'><strong>uon</strong></span> <span class='ocrx_word' id='word_1_219' title='bbox 845 3228 900 3288; x_wconf 91' lang='lat' dir='ltr'><strong>nisi</strong></span> <span class='ocrx_word' id='word_1_220' title='bbox 925 3230 1084 3305; x_wconf 89' lang='lat' dir='ltr'><strong>praecipue</strong></span> <span class='ocrx_word' id='word_1_221' title='bbox 1099 3228 1233 3302; x_wconf 88' lang='lat' dir='ltr'><strong>insignia</strong></span> <span class='ocrx_word' id='word_1_222' title='bbox 1250 3221 1352 3296; x_wconf 89' lang='lat' dir='ltr'><strong>(velut</strong></span> 
     </span>
     <span class='ocr_line' id='line_1_29' title="bbox 212 3327 1350 3406; baseline -0.004 -20"><span class='ocrx_word' id='word_1_223' title='bbox 212 3331 240 3387; x_wconf 91' lang='lat' dir='ltr'><strong>in</strong></span> <span class='ocrx_word' id='word_1_224' title='bbox 275 3348 405 3404; x_wconf 88' lang='lat' dir='ltr'><strong>pugnam</strong></span> <span class='ocrx_word' id='word_1_225' title='bbox 438 3329 617 3398; x_wconf 87' lang='lat' dir='ltr'><strong>hortamina)</strong></span> <span class='ocrx_word' id='word_1_226' title='bbox 648 3331 786 3389; x_wconf 87' lang='lat' dir='ltr'><strong>citantur.</strong></span> <span class='ocrx_word' id='word_1_227' title='bbox 831 3330 957 3391; x_wconf 83' lang='lat' dir='ltr'><strong>Chorutn</strong></span> <span class='ocrx_word' id='word_1_228' title='bbox 990 3337 1062 3406; x_wconf 91' lang='lat' dir='ltr'><strong>puto</strong></span> <span class='ocrx_word' id='word_1_229' title='bbox 1092 3349 1129 3388; x_wconf 84' lang='lat' dir='ltr'><strong>cx</strong></span> <span class='ocrx_word' id='word_1_230' title='bbox 1158 3327 1350 3403; x_wconf 79' lang='lat' dir='ltr'><strong>Argivorum</strong></span> 
     </span>
     <span class='ocr_line' id='line_1_30' title="bbox 213 3429 1349 3508; baseline -0.004 -20"><span class='ocrx_word' id='word_1_231' title='bbox 213 3430 353 3490; x_wconf 88' lang='lat' dir='ltr'><strong>militibus</strong></span> <span class='ocrx_word' id='word_1_232' title='bbox 384 3432 563 3504; x_wconf 85' lang='lat' dir='ltr'><strong>constitisse,</strong></span> <span class='ocrx_word' id='word_1_233' title='bbox 596 3433 666 3507; x_wconf 89' lang='lat' dir='ltr'><strong>quia</strong></span> <span class='ocrx_word' id='word_1_234' title='bbox 697 3438 727 3490; x_wconf 92' lang='lat' dir='ltr'><strong>et</strong></span> <span class='ocrx_word' id='word_1_235' title='bbox 756 3431 945 3508; x_wconf 89' lang='lat' dir='ltr'><strong>aliquomodo</strong></span> <span class='ocrx_word' id='word_1_236' title='bbox 975 3432 1124 3491; x_wconf 82' lang='lat' dir='ltr'><strong>exereitus</strong></span> <span class='ocrx_word' id='word_1_237' title='bbox 1156 3429 1349 3504; x_wconf 78' lang='lat' dir='ltr'><strong>Argivorum</strong></span> 
     </span>
     <span class='ocr_line' id='line_1_31' title="bbox 212 3528 1352 3610; baseline -0.005 -19"><span class='ocrx_word' id='word_1_238' title='bbox 212 3533 344 3591; x_wconf 89' lang='lat' dir='ltr'><strong>debebat</strong></span> <span class='ocrx_word' id='word_1_239' title='bbox 366 3533 586 3610; x_wconf 88' lang='lat' dir='ltr'><strong>repraesentari</strong></span> <span class='ocrx_word' id='word_1_240' title='bbox 619 3541 649 3591; x_wconf 90' lang='lat' dir='ltr'><strong>et</strong></span> <span class='ocrx_word' id='word_1_241' title='bbox 671 3533 830 3609; x_wconf 90' lang='lat' dir='ltr'><strong>indigenas</strong></span> <span class='ocrx_word' id='word_1_242' title='bbox 853 3534 968 3609; x_wconf 87' lang='lat' dir='ltr'><strong>aliquos</strong></span> <span class='ocrx_word' id='word_1_243' title='bbox 992 3533 1129 3600; x_wconf 76' lang='lat' dir='ltr'><strong>(fortasse</strong></span> <span class='ocrx_word' id='word_1_244' title='bbox 1152 3528 1352 3607; x_wconf 86' lang='lat' dir='ltr'><strong>Hypsipylae</strong></span> 
     </span>
     <span class='ocr_line' id='line_1_32' title="bbox 214 3632 1352 3712; baseline -0.004 -21"><span class='ocrx_word' id='word_1_245' title='bbox 214 3632 336 3705; x_wconf 84' lang='lat' dir='ltr'><strong>amicas)</strong></span> <span class='ocrx_word' id='word_1_246' title='bbox 360 3644 524 3711; x_wconf 88' lang='lat' dir='ltr'><strong>propterea</strong></span> <span class='ocrx_word' id='word_1_247' title='bbox 547 3654 605 3693; x_wconf 90' lang='lat' dir='ltr'><strong>uon</strong></span> <span class='ocrx_word' id='word_1_248' title='bbox 631 3635 784 3712; x_wconf 86' lang='lat' dir='ltr'><strong>probabile</strong></span> <span class='ocrx_word' id='word_1_249' title='bbox 808 3641 853 3694; x_wconf 88' lang='lat' dir='ltr'><strong>est</strong></span> <span class='ocrx_word' id='word_1_250' title='bbox 875 3636 996 3695; x_wconf 89' lang='lat' dir='ltr'><strong>chorum</strong></span> <span class='ocrx_word' id='word_1_251' title='bbox 1015 3636 1158 3709; x_wconf 85' lang='lat' dir='ltr'><strong>effecisse,</strong></span> <span class='ocrx_word' id='word_1_252' title='bbox 1181 3632 1257 3708; x_wconf 88' lang='lat' dir='ltr'><strong>quia</strong></span> <span class='ocrx_word' id='word_1_253' title='bbox 1275 3635 1352 3688; x_wconf 88' lang='lat' dir='ltr'><strong>tuuc</strong></span> 
     </span>
     <span class='ocr_line' id='line_1_33' title="bbox 213 3731 1353 3814; baseline -0.005 -20"><span class='ocrx_word' id='word_1_254' title='bbox 213 3755 337 3811; x_wconf 90' lang='lat' dir='ltr'><strong>puerum</strong></span> <span class='ocrx_word' id='word_1_255' title='bbox 361 3754 461 3795; x_wconf 89' lang='lat' dir='ltr'><strong>secum</strong></span> <span class='ocrx_word' id='word_1_256' title='bbox 485 3735 655 3795; x_wconf 78' lang='lat' dir='ltr'><strong>abducendi</strong></span> <span class='ocrx_word' id='word_1_257' title='bbox 679 3755 738 3794; x_wconf 92' lang='lat' dir='ltr'><strong>non</strong></span> <span class='ocrx_word' id='word_1_258' title='bbox 763 3742 827 3795; x_wconf 88' lang='lat' dir='ltr'><strong>erat</strong></span> <span class='ocrx_word' id='word_1_259' title='bbox 848 3737 1037 3814; x_wconf 88' lang='lat' dir='ltr'><strong>Hypsipylae</strong></span> <span class='ocrx_word' id='word_1_260' title='bbox 1061 3754 1165 3811; x_wconf 88' lang='lat' dir='ltr'><strong>causa,</strong></span> <span class='ocrx_word' id='word_1_261' title='bbox 1196 3731 1353 3809; x_wconf 88' lang='lat' dir='ltr'><strong>siquidem</strong></span> 
     </span>
     <span class='ocr_line' id='line_1_34' title="bbox 213 3831 1352 3914; baseline -0.007 -18"><span class='ocrx_word' id='word_1_262' title='bbox 213 3838 305 3898; x_wconf 89' lang='lat' dir='ltr'><strong>choro</strong></span> <span class='ocrx_word' id='word_1_263' title='bbox 329 3840 426 3914; x_wconf 91' lang='lat' dir='ltr'><strong>potuit</strong></span> <span class='ocrx_word' id='word_1_264' title='bbox 448 3856 575 3914; x_wconf 89' lang='lat' dir='ltr'><strong>puerum</strong></span> <span class='ocrx_word' id='word_1_265' title='bbox 601 3836 721 3895; x_wconf 88' lang='lat' dir='ltr'><strong>tradere</strong></span> <span class='ocrx_word' id='word_1_266' title='bbox 745 3836 979 3897; x_wconf 89' lang='lat' dir='ltr'><strong>custodiendum.</strong></span> <span class='ocrx_word' id='word_1_267' title='bbox 1023 3837 1151 3897; x_wconf 82' lang='lat' dir='ltr'><strong>Chorum</strong></span> <span class='ocrx_word' id='word_1_268' title='bbox 1175 3839 1283 3893; x_wconf 89' lang='lat' dir='ltr'><strong>autem</strong></span> <span class='ocrx_word' id='word_1_269' title='bbox 1307 3831 1352 3890; x_wconf 92' lang='lat' dir='ltr'><strong>illi</strong></span> 
     </span>
     <span class='ocr_line' id='line_1_35' title="bbox 211 3933 1352 4016; baseline -0.007 -17"><span class='ocrx_word' id='word_1_270' title='bbox 211 3959 339 4000; x_wconf 88' lang='lat' dir='ltr'><strong>scaenae</strong></span> <span class='ocrx_word' id='word_1_271' title='bbox 363 3940 512 3999; x_wconf 83' lang='lat' dir='ltr'><strong>adstitisse</strong></span> <span class='ocrx_word' id='word_1_272' title='bbox 536 3948 699 4016; x_wconf 90' lang='lat' dir='ltr'><strong>propterea</strong></span> <span class='ocrx_word' id='word_1_273' title='bbox 719 3956 842 3997; x_wconf 88' lang='lat' dir='ltr'><strong>neccsse</strong></span> <span class='ocrx_word' id='word_1_274' title='bbox 858 3946 911 4011; x_wconf 89' lang='lat' dir='ltr'><strong>est,</strong></span> <span class='ocrx_word' id='word_1_275' title='bbox 933 3938 1013 4014; x_wconf 87' lang='lat' dir='ltr'><strong>quod</strong></span> <span class='ocrx_word' id='word_1_276' title='bbox 1030 3939 1059 3996; x_wconf 91' lang='lat' dir='ltr'><strong>iu</strong></span> <span class='ocrx_word' id='word_1_277' title='bbox 1076 3938 1205 4016; x_wconf 86' lang='lat' dir='ltr'><strong>prologo</strong></span> <span class='ocrx_word' id='word_1_278' title='bbox 1223 3933 1352 3995; x_wconf 91' lang='lat' dir='ltr'><strong>omuino</strong></span> 
     </span>
     <span class='ocr_line' id='line_1_36' title="bbox 211 4039 1354 4116; baseline -0.007 -15"><span class='ocrx_word' id='word_1_279' title='bbox 211 4044 288 4101; x_wconf 88' lang='lat' dir='ltr'><strong>actio</strong></span> <span class='ocrx_word' id='word_1_280' title='bbox 320 4043 403 4101; x_wconf 90' lang='lat' dir='ltr'><strong>nulla</strong></span> <span class='ocrx_word' id='word_1_281' title='bbox 435 4043 475 4100; x_wconf 91' lang='lat' dir='ltr'><strong>lit.</strong></span> <span class='ocrx_word' id='word_1_282' title='bbox 520 4042 631 4100; x_wconf 88' lang='lat' dir='ltr'><strong>Postea</strong></span> <span class='ocrx_word' id='word_1_283' title='bbox 662 4060 737 4116; x_wconf 92' lang='lat' dir='ltr'><strong>puer</strong></span> <span class='ocrx_word' id='word_1_284' title='bbox 771 4046 904 4098; x_wconf 89' lang='lat' dir='ltr'><strong>mortuus</strong></span> <span class='ocrx_word' id='word_1_285' title='bbox 928 4041 956 4098; x_wconf 93' lang='lat' dir='ltr'><strong>in</strong></span> <span class='ocrx_word' id='word_1_286' title='bbox 980 4058 1118 4099; x_wconf 89' lang='lat' dir='ltr'><strong>scaenam</strong></span> <span class='ocrx_word' id='word_1_287' title='bbox 1143 4039 1263 4098; x_wconf 87' lang='lat' dir='ltr'><strong>relatus</strong></span> <span class='ocrx_word' id='word_1_288' title='bbox 1287 4041 1354 4109; x_wconf 88' lang='lat' dir='ltr'><strong>est;</strong></span> 
     </span>
     <span class='ocr_line' id='line_1_37' title="bbox 212 4143 827 4221; baseline -0.003 -19"><span class='ocrx_word' id='word_1_289' title='bbox 212 4144 416 4221; x_wconf 90' lang='lat' dir='ltr'><strong>sequebantur</strong></span> <span class='ocrx_word' id='word_1_290' title='bbox 440 4163 484 4215; x_wconf 84' lang='lat' dir='ltr'><strong>ea,</strong></span> <span class='ocrx_word' id='word_1_291' title='bbox 508 4162 587 4220; x_wconf 89' lang='lat' dir='ltr'><strong>quae</strong></span> <span class='ocrx_word' id='word_1_292' title='bbox 611 4144 669 4201; x_wconf 87' lang='lat' dir='ltr'><strong>iam</strong></span> <span class='ocrx_word' id='word_1_293' title='bbox 693 4143 827 4217; x_wconf 83' lang='lat' dir='ltr'><strong>exposui.</strong></span> 
     </span>
    </p>

    <p class='ocr_par' dir='ltr' id='par_1_7' title="bbox 297 4240 1351 4326">
     <span class='ocr_line' id='line_1_38' title="bbox 297 4240 1351 4326; baseline -0.009 -19"><span class='ocrx_word' id='word_1_294' title='bbox 297 4250 329 4309; x_wconf 91' lang='lat' dir='ltr'><strong>ln</strong></span> <span class='ocrx_word' id='word_1_295' title='bbox 355 4241 475 4326; x_wconf 83' lang='lat' dir='ltr'><strong>Polyido</strong></span> <span class='ocrx_word' id='word_1_296' title='bbox 500 4246 661 4325; x_wconf 81' lang='lat' dir='ltr'><strong>Euripides</strong></span> <span class='ocrx_word' id='word_1_297' title='bbox 695 4253 793 4306; x_wconf 90' lang='lat' dir='ltr'><strong>uotam</strong></span> <span class='ocrx_word' id='word_1_298' title='bbox 822 4246 900 4304; x_wconf 91' lang='lat' dir='ltr'><strong>illam</strong></span> <span class='ocrx_word' id='word_1_299' title='bbox 925 4245 1070 4321; x_wconf 81' lang='lat' dir='ltr'><strong>tabulam,</strong></span> <span class='ocrx_word' id='word_1_300' title='bbox 1101 4261 1193 4319; x_wconf 86' lang='lat' dir='ltr'><strong>quam</strong></span> <span class='ocrx_word' id='word_1_301' title='bbox 1218 4240 1351 4302; x_wconf 89' lang='lat' dir='ltr'><strong>eandem</strong></span> 
     </span>
    </p>

    <p class='ocr_par' dir='ltr' id='par_1_8' title="bbox 212 4346 1353 4427">
     <span class='ocr_line' id='line_1_39' title="bbox 212 4346 1353 4427; baseline -0.007 -17"><span class='ocrx_word' id='word_1_302' title='bbox 212 4351 376 4426; x_wconf 84' lang='lat' dir='ltr'><strong>Sophocles</strong></span> <span class='ocrx_word' id='word_1_303' title='bbox 399 4350 439 4424; x_wconf 89' lang='lat' dir='ltr'><strong>(v.</strong></span> <span class='ocrx_word' id='word_1_304' title='bbox 462 4370 490 4427; x_wconf 94' lang='lat' dir='ltr'><strong>p.</strong></span> <span class='ocrx_word' id='word_1_305' title='bbox 504 4348 589 4424; x_wconf 82' lang='lat'><strong>259),</strong></span> <span class='ocrx_word' id='word_1_306' title='bbox 614 4351 763 4409; x_wconf 87' lang='lat' dir='ltr'><strong>tractavit.</strong></span> <span class='ocrx_word' id='word_1_307' title='bbox 797 4347 931 4420; x_wconf 79' lang='lat' dir='ltr'><strong>Quorsus</strong></span> <span class='ocrx_word' id='word_1_308' title='bbox 954 4352 1042 4423; x_wconf 90' lang='lat' dir='ltr'><strong>poeta</strong></span> <span class='ocrx_word' id='word_1_309' title='bbox 1065 4346 1256 4421; x_wconf 89' lang='lat' dir='ltr'><strong>tragoediam</strong></span> <span class='ocrx_word' id='word_1_310' title='bbox 1282 4361 1353 4424; x_wconf 90' lang='lat' dir='ltr'><strong>pro·</strong></span> 
     </span>
    </p>
   </div>
   <div class='ocr_carea' id='block_1_3' title="bbox 0 0 1562 5198">
    <p class='ocr_par' dir='ltr' id='par_1_9' title="bbox 0 0 1562 5198">
     <span class='ocr_line' id='line_1_40' title="bbox 0 0 1562 5198; baseline 0 0"><span class='ocrx_word' id='word_1_311' title='bbox 0 0 1562 5198; x_wconf 95' lang='lat' dir='ltr'><strong> </strong></span> 
     </span>
    </p>
   </div>
  </div>
 </body>
</html>
