3104 5198
1156 432 1216 492 237

94 602 198 662 inania
228 601 388 661 simulacra
417 620 472 678 pro
494 601 572 661 vivis
595 601 695 678 pueris
718 602 783 661 sive
806 603 913 678 puellis
937 602 965 661 in
990 621 1127 662 scaenam
1152 620 1217 664 esso

97 705 223 781 prolata.
261 704 384 763 Accedit
407 704 497 780 quod,
520 723 598 781 quac
621 710 666 763 est
688 705 819 764 iocorum
844 705 874 778 (a
890 724 917 763 v.
931 700 1004 781 781)
1020 706 1219 782 obscoenitas,

95 807 237 883 puellas
260 806 442 882 potissimum
460 808 488 865 in
512 824 623 866 scaena
646 807 802 865 monstrari
827 812 915 882 poeta
938 807 1068 866 voluisse
1090 807 1220 879 videtur,

95 908 176 986 quod
201 909 445 969 Wilamowitzius
474 927 520 967 me
549 908 659 968 docuit.
705 908 758 968 Vel
788 909 844 967 bac
875 909 911 968 de
935 927 1025 968 causa
1047 911 1220 969 coniectura

96 1012 146 1071 illa
162 1009 298 1087 Beerii,¹)
321 1010 503 1071 Nicarchum
527 1011 749 1088 sycophantam,
771 1012 823 1087 qni
847 1015 952 1087 postca
975 1010 1169 1084 (soa-917)
1190 1013 1219 1071 in

96 1134 206 1175 scaena
235 1119 294 1191 est,
326 1115 363 1172 ab
391 1114 485 1174 altero
514 1132 690 1191 puerorum,
720 1114 772 1190 qni
795 1115 981 1189 Megarensis
1003 1115 1129 1175 filiarum
1154 1134 1221 1193 per·

95 1236 185 1277 sonas
214 1218 374 1293 gesserint,
404 1234 471 1276 esse
502 1222 773 1293 repraesentatum,
803 1216 954 1276 reicienda
986 1223 1044 1285 est3
1079 1236 1147 1277 nam
1177 1223 1222 1277 tot

96 1320 188 1380 verba
228 1320 376 1396 puellulas
410 1321 439 1378 in
474 1319 591 1379 theatro
634 1320 795 1396 protulisse
841 1338 913 1379 sane
951 1319 1126 1379 incredibile
1163 1325 1220 1396 est;

96 1423 186 1482 tiliam
209 1425 309 1500 potine
331 1423 421 1497 illam,
443 1440 520 1498 quae
545 1441 610 1481 cum
636 1430 728 1481 matre
752 1423 780 1480 iu
806 1440 913 1499 pompa
930 1422 1111 1499 Dionysiaca
1134 1420 1220 1494 (245)

96 1525 261 1602 inducitur,
290 1528 320 1585 et
350 1524 532 1584 Nicarchum
567 1523 698 1583 eiusdem
728 1523 818 1583 fuisse
847 1525 957 1583 actoris
992 1526 1138 1602 suspicor.
1188 1525 1220 1584 Iu

96 1629 218 1689 vocibus
241 1628 407 1705 puellarum
432 1646 491 1686 nou
515 1626 726 1686 offendendum
751 1636 803 1695 est,
827 1628 972 1704 siquidem
994 1629 1081 1704 pauci
1097 1629 1139 1688 illi
1156 1630 1221 1687 soni

95 1731 185 1791 facile
213 1731 251 1790 ab
280 1731 339 1791 alio
365 1730 466 1807 aliquo
489 1730 711 1806 emittebantur,
738 1731 814 1789 sicut
836 1731 864 1789 in
888 1731 1055 1806 Lysistrata
1077 1731 1213 1791 Oinesias

96 1833 179 1894 filioli
202 1851 290 1892 voces
313 1833 401 1890 alium
425 1836 555 1891 actorem
579 1831 747 1908 suscepisse
770 1833 961 1892 inveniemus.

183 1954 217 2012 In
242 1945 393 2028 Equitlbus
416 1951 633 2028 Aristophanes
663 1970 700 2010 ex
732 1953 792 2011 vitu
823 1951 972 2012 cotidiana
1001 1971 1142 2032 puerum,
1170 1975 1211 2032 qu

96 2039 504 2130 tertiumdecimum,
527 2073 615 2130 quem
638 2073 710 2113 saue
734 2073 847 2114 merum
870 2044 1090 2135 δορυφόρημα
1113 2059 1217 2116 merito

97 2159 315 2236 appellabimus
339 2150 380 2235 (v.
399 2155 501 2229 1384).

186 2280 219 2338 ln
237 2270 345 2352 vespis
368 2278 396 2336 iu
428 2295 565 2336 scaenam
599 2276 749 2354 prodeunt
775 2279 860 2353 pueri
889 2277 1098 2353 praelucentes
1124 2279 1225 2357 choro,

98 2381 150 2458 qui
183 2400 210 2439 v.
234 2384 296 2442 230
326 2384 395 2439 autc
426 2381 518 2440 solem
549 2385 645 2439 ortum
677 2380 859 2439 orchestram
890 2382 989 2439 intrat.
1035 2383 1068 2440 V.
1084 2385 1146 2443 408
1157 2401 1225 2460 sqq.

100 2485 185 2561 pueri
218 2502 235 2543 a
267 2484 438 2560 coryplraeo
473 2483 674 2554 dimittuntur,
708 2490 741 2541 ut
771 2483 911 2542 Cleonem
943 2490 1109 2560 arcessant,
1142 2484 1224 2562 quod

98 2586 255 2646 artificium
295 2594 384 2664 poeta
414 2586 550 2646 nimirum
581 2585 785 2645 tantummodo
816 2585 853 2644 ad
884 2605 995 2662 pueros
1025 2587 1224 2646 removendos

10 2747 14 2756 ,
99 2689 194 2749 fiuxit.
249 2689 303 2748 Vel
336 2689 405 2748 inde
439 2688 496 2747 hoc
526 2707 646 2764 quoque
676 2688 825 2764 sequitur,
857 2707 908 2747 eos
939 2707 1049 2765 pueros
1079 2682 1226 2765 praebere

101 2811 210 2853 revera
241 2797 447 2851 oruamentum
479 2792 568 2850 huius
593 2790 707 2851 tabulae
730 2792 897 2869 proprium,
927 2811 982 2850 nec
1005 2800 1119 2869 partem
1143 2792 1226 2853 chori

101 2894 209 2970 tuisse,
239 2894 320 2972 quod
352 2895 387 2955 G.
403 2896 593 2955 Hermanuus
623 2895 793 2971 suspicatus
823 2903 876 2954 est.
920 2891 1048 2954 Omnino
1079 2895 1155 2955 euim
1188 2894 1224 2954 de

102 2999 148 3058 his
180 3015 342 3074 puerorum
373 2999 508 3074 partibus
539 3016 662 3073 magnae
691 2998 770 3057 iuter
800 2999 881 3057 viros
911 2997 1015 3057 doctos
1042 3002 1126 3057 ortae
1157 3001 1226 3058 suut

103 3103 338 3169 controversiam
370 3121 437 3161 nam
469 3119 565 3178 neque
596 3106 671 3179 quot
692 3102 777 3178 pueri
801 3101 924 3177 tuerint,
954 3119 1053 3178 neque
1077 3101 1225 3178 quomodo

101 3205 195 3265 verba
228 3224 246 3264 a
279 3210 369 3282 poeta
399 3204 453 3264 eibi
489 3204 601 3264 tributa
632 3204 829 3281 protulerint,
862 3204 941 3263 clare
974 3203 1136 3263 iudicatum
1172 3207 1227 3263 est

103 3308 203 3385 Atque
226 3306 261 3367 G.
276 3308 440 3367 Hermauui
471 3302 691 3382 sententiam,²)
723 3307 921 3365 existimantis
949 3310 1094 3383 quattuor
1116 3324 1227 3384 pueros

101 3428 119 3468 a
151 3416 292 3485 quattuor
321 3410 474 3469 choreutis
504 3408 630 3482 (statura
659 3408 858 3479 brevioribus)
890 3427 955 3468 csse
977 3412 1227 3487 repraesentatos,

102 3511 224 3572 honoris
255 3517 370 3572 tautum
405 3530 496 3572 causa
528 3514 630 3573 attero.
688 3512 764 3571 Nam
799 3529 865 3571 cum
900 3511 1002 3588 pueris
1035 3530 1063 3570 v.
1088 3512 1152 3572 408
1187 3511 1226 3571 ad

101 3613 241 3675 Cleonem
273 3614 400 3674 dimissis
422 3633 578 3674 remanere
602 3633 660 3674 nou
685 3614 800 3691 possint
822 3614 877 3673 nisi
900 3614 955 3672 XX
978 3614 1155 3691 choreutac,
1185 3612 1223 3672 nd

101 3734 165 3778 eam
199 3716 367 3778 delabimur
389 3718 592 3777 coniecturam
615 3735 686 3777 saue
711 3721 940 3788 monstruosam,
971 3723 1004 3776 ut
1026 3718 1147 3777 eborum
1172 3735 1226 3793 per

102 3821 259 3880 maximam
284 3820 403 3880 tabulae
426 3826 539 3897 partem
563 3819 639 3880 adeo
664 3820 828 3879 mutilatum
852 3820 916 3878 vice
940 3838 993 3879 sua
1009 3818 1142 3879 functum
1159 3837 1225 3880 esse

100 3923 290 3983 arbitremur.
328 3923 482 3983 Deductus
505 3928 603 3982 autem
621 3923 812 3982 Hermannus
834 3923 870 3982 ad
896 3941 959 3982 eam
981 3922 1157 3982 seutentiam
1174 3927 1230 3998 est,

102 4024 183 4101 qood
207 4027 326 4086 omniuo
349 4043 458 4103 pueros
481 4030 625 4086 canentes
647 4027 676 4084 iu
700 4044 840 4085 scaenam
860 4024 974 4084 admitti
992 4045 1051 4085 uon
1067 4042 1156 4102 posse
1171 4025 1226 4085 sibi

189 4244 211 4309 ¹)
236 4241 265 4297 C.
282 4242 366 4308 Beer,
389 4242 480 4296 Ucber
503 4241 547 4296 die
572 4241 637 4296 Zahl
661 4241 710 4295 der
734 4240 925 4310 Schauspiclor
948 4240 993 4295 bei
1017 4239 1227 4308 Aristophanes,

100 4327 218 4397 Leipzig
237 4331 311 4393 1844,
330 4343 357 4395 p.
371 4332 412 4381 59.

187 4414 211 4482 ¹)
228 4413 271 4467 De
288 4411 376 4469 choro
394 4413 551 4482 vesparum
571 4417 649 4482 18433
669 4429 766 4482 opusc.
778 4413 854 4482 VIlI,
866 4417 925 4468 tet.

1030 4515 1077 4569 lo*
