3104 5198
354 349 416 406 224

355 519 447 577 semel
485 523 554 577 ante
589 521 711 578 mortem
745 518 962 594 spectatoribus
996 519 1175 595 ostendisse,
1211 519 1263 579 sed
1299 524 1390 579 totam
1425 536 1482 595 per

355 620 483 679 fabulam
512 639 564 681 eos
597 621 649 679 tali
682 620 806 681 artificio
838 623 947 681 actioni
978 622 1113 692 intexuit,
1143 622 1232 698 quale
1260 631 1349 681 autea
1379 641 1483 698 neque

354 723 435 800 apud
459 723 636 799 Sophoclem
666 743 762 801 neque
790 724 870 801 apud
895 725 1069 801 Euripidem
1094 724 1272 783 videramus.
1294 755 1336 764 -
1358 729 1398 783 At
1421 726 1482 783 iam

354 826 503 886 trimetros
532 826 601 885 illos
625 845 785 902 puerorum
809 827 997 886 clamantium
1022 828 1146 903 propius
1170 829 1406 903 contemplemur
1429 846 1482 886 ue·

354 947 437 988 cesse
465 934 520 989 est.
563 928 719 989 Nauckius
749 931 824 989 enim
850 928 931 1001 (itur.
947 928 1030 989 Stud.
1053 931 1080 1006 I,
1103 949 1130 1006 p.
1149 925 1219 1005 136)
1243 948 1361 989 versum
1388 935 1486 1005 1272,

354 1051 414 1109 quo
448 1032 525 1092 alter
558 1052 633 1110 puer
667 1032 754 1091 alteri
788 1031 965 1108 respondet,
999 1039 1031 1091 ut
1060 1033 1268 1108 interpolatum
1299 1034 1398 1105 eiecit,
1434 1034 1486 1092 bis

356 1136 539 1212 argumentis
574 1137 672 1194 uirus:
707 1134 781 1194 duos
815 1135 883 1194 illos
916 1153 1027 1211 pueros
1060 1136 1235 1195 coniunctos
1269 1155 1359 1210 agere
1389 1144 1485 1211 atque

354 1256 442 1296 unam
475 1242 589 1296 tautum
621 1254 778 1314 personam
810 1245 1045 1313 repraesentare.
1089 1238 1180 1296 'l'ales
1206 1245 1305 1296 autem
1334 1255 1487 1313 personas

355 1339 530 1398 coniunctas
561 1358 619 1398 non
643 1340 741 1398 solere
765 1338 895 1415 tragicos
918 1339 1064 1415 separatis
1087 1340 1275 1399 sermonibus
1297 1338 1488 1399 discernere.

355 1442 647 1518 utenburam,
676 1460 752 1517 qnos
782 1442 948 1501 sententiae
978 1459 1050 1502 suae
1081 1441 1256 1516 probandae
1280 1460 1369 1501 eausa
1392 1444 1488 1501 afl'crt

354 1543 520 1621 Nauckius,
542 1544 617 1603 alter
640 1549 754 1603 tantum
778 1550 842 1603 erat
866 1544 970 1603 histrio
994 1543 1142 1621 legitimus
1165 1546 1205 1611 (iu
1223 1545 1343 1604 Electra
1359 1544 1485 1621 quidem

356 1647 442 1706 aliter
480 1645 543 1705 fieri
580 1664 639 1705 non
674 1651 818 1721 poterat);
855 1646 956 1722 itaque
991 1646 1036 1706 vel
1071 1650 1230 1723 propterea
1263 1647 1338 1706 alter
1373 1655 1487 1706 mutus.

356 1747 468 1808 Eadem
499 1766 547 1807 res
577 1754 624 1808 est
653 1749 681 1808 in
705 1748 887 1825 Heraclidis,
919 1749 968 1808 ubi
1001 1767 1037 1807 ex
1060 1748 1200 1808 Thesidis
1223 1750 1312 1826 alter,
1344 1751 1485 1824 Acamas,

356 1857 401 1911 est
425 1854 505 1911 muta
527 1869 671 1928 persona,
693 1853 764 1928 quia
787 1851 823 1910 ab
846 1851 990 1911 histrione
1013 1870 1072 1910 nou
1096 1856 1348 1927 repraesentatur.
1394 1853 1484 1912 Vide-

357 1972 422 2014 mus
453 1960 550 2014 autem
581 1960 686 2031 poetas
718 1955 792 2013 bene
822 1954 964 2029 sensisse,
994 1958 1137 2029 spirantum
1163 1954 1285 2014 baberet
1307 1956 1484 2014 offensionis

357 2063 490 2118 coactum
521 2057 594 2116 illud
626 2056 790 2132 silentium,
820 2074 948 2131 namque
978 2074 1096 2133 semper
1118 2057 1249 2133 aliquam
1273 2058 1336 2116 eius
1360 2076 1483 2117 eausam

357 2161 464 2219 afferre
488 2163 649 2218 conantur:
673 2158 754 2218 velut
777 2159 805 2217 in
823 2157 991 2218 Heraclidis
1016 2162 1077 2219 144
1092 2178 1156 2235 sqq.
1179 2160 1387 2236 Demoplrou
1411 2160 1484 2235 legi·

357 2263 446 2321 timus
479 2268 578 2321 terrae
620 2260 757 2321 dominus
792 2261 911 2333 dicitur,
948 2263 993 2322 eui
1028 2262 1063 2321 lis
1097 2262 1149 2321 illa
1182 2262 1219 2320 ad
1255 2261 1482 2322 decernendum

359 2364 570 2424 committenda
600 2364 647 2423 sit
669 2394 709 2403 —
734 2364 860 2423 Prorsus
884 2364 970 2423 aliter
992 2383 1040 2423 res
1063 2382 1095 2424 se
1118 2364 1209 2424 habet
1231 2367 1259 2424 in
1283 2365 1486 2441 supplicibus,

357 2486 445 2544 quarn
470 2473 627 2544 praeterea
651 2468 737 2526 affert
768 2465 931 2526 Nauokius.
982 2466 1027 2526 llll
1058 2468 1135 2526 euim
1167 2469 1251 2543 pueri
1281 2469 1400 2527 omnino
1430 2486 1485 2527 cx·

359 2569 472 2629 cedunt
496 2571 656 2647 legitimum
681 2575 813 2629 actorum
839 2586 1006 2645 numerum
1030 2576 1143 2629 canunt
1166 2575 1278 2646 autem,
1301 2572 1378 2647 quod
1402 2570 1488 2630 infra

357 2673 485 2742 docebo,
515 2679 548 2732 ut
581 2673 700 2732 omnino
734 2672 830 2746 chori,
865 2691 923 2731 una
956 2672 1043 2732 simul
1077 2691 1178 2732 omues
1213 2691 1296 2734 voce.
1341 2674 1487 2733 Eiusdem

356 2777 475 2851 generis
496 2782 645 2847 aetorum,
677 2774 756 2851 quod
779 2764 1042 2854 παραχορήγημα
1064 2775 1185 2848 dicitur,
1208 2777 1294 2835 etiam
1319 2777 1489 2836 Alcestidis

357 2885 387 2937 et
402 2878 525 2938 Medeae
549 2877 609 2936 bini
632 2878 716 2937 liberi
739 2884 817 2937 sunt.
863 2879 972 2937 Eorum
996 2885 1094 2937 tamen
1119 2884 1219 2954 partes
1238 2877 1491 2937 subdiderunt

358 2983 435 3039 inter
465 2998 512 3050 se,
543 2981 622 3056 quod
645 2979 806 3040 Alcestidis
838 2979 915 3039 filius
947 2980 975 3038 in
1004 2980 1069 3054 ipsa
1096 2997 1220 3056 scaena,
1250 2979 1373 3039 Medeae
1396 2981 1492 3056 pueri

358 3089 427 3160 post
459 3101 595 3141 scaenam
631 3083 725 3142 verba
759 3081 881 3140 iaciunt.
940 3080 1054 3154 Quodsi
1088 3083 1339 3158 reputaverimus,
1378 3090 1491 3157 poetas

358 3186 478 3245 omnino
501 3186 622 3262 pueris
645 3184 1036 3262 raro,1·arissimesingulis
1059 3185 1150 3243 verba
1172 3183 1311 3243 facienda
1334 3186 1492 3260 tribuisse,

359 3308 418 3349 non
442 3288 626 3365 mirabimur,
649 3307 685 3347 ex
708 3287 868 3346 Alcestidis
890 3287 991 3363 pueris
1015 3287 1165 3346 alterum
1191 3291 1304 3346 tantum
1329 3287 1491 3361 cecinisse,

360 3412 418 3452 non
450 3410 582 3451 sororem
614 3391 1039 3465 l1·atremoantuexeepisse;
1070 3408 1136 3448 nam
1160 3389 1200 3448 illi
1224 3390 1338 3466 palam
1362 3395 1489 3449 etcum

359 3497 459 3572 aliqua
489 3496 607 3553 actione
636 3493 803 3553 canendum
834 3491 897 3552 fuit
941 3493 1018 3551 Nam
1049 3496 1210 3568 propterea
1239 3492 1363 3551 alterum
1385 3492 1493 3568 silere,

360 3617 397 3657 ne
419 3597 531 3674 singuli
554 3604 587 3655 ut
610 3596 747 3655 diversae
770 3613 916 3672 personae
940 3595 1149 3670 designentur,
1175 3593 1240 3669 ipse
1265 3595 1347 3669 pueri
1372 3594 1493 3654 refutat

360 3706 475 3771 cautus,
497 3718 563 3759 eum
588 3698 721 3758 canendo
744 3715 826 3757 suam
851 3698 1002 3774 propriam
1020 3701 1091 3774 agat
1107 3714 1239 3773 causam,
1260 3714 1356 3755 suam
1372 3703 1490 3756 sortem

360 3803 531 3880 deplorans,
547 3819 679 3861 sororem
695 3800 780 3859 simul
797 3800 953 3875 alloquens
974 3799 1023 3873 (cf.
1039 3818 1086 3859 vv.
1098 3802 1161 3860 406
1174 3795 1260 3875 sqq).
1304 3798 1344 3856 At
1360 3797 1492 3858 Medeae

359 3906 445 3984 pueri
474 3905 504 3964 iu
536 3923 646 3964 scaena
669 3904 790 3962 omuino
814 3908 883 3963 sunt
905 3905 989 3962 muti:
1020 3921 1120 3962 nonne
1143 3902 1205 3960 veri
1229 3904 1274 3959 est
1295 3900 1492 3979 simillimum,

360 4008 533 4068 histrionem
557 4007 686 4082 aliquem
710 4024 764 4081 pro
789 4006 824 4063 iis
848 4005 1001 4080 clamasse,
1023 4003 1170 4080 siquidem
1193 4003 1265 4063 satis
1289 4022 1492 4079 magnaeano

360 4130 446 4180 voce,
477 4128 566 4186 quarn
590 4125 682 4185 puero
713 4127 773 4168 non
803 4107 1011 4182 concedemus,
1034 4124 1110 4184 opus
1133 4113 1211 4183 erat,
1240 4112 1273 4166 ut
1296 4126 1333 4165 ex
1356 4123 1491 4166 scaenae

361 4213 496 4273 aedificio
519 4214 548 4271 in
573 4216 635 4271 toto
658 4211 774 4270 theatro
798 4209 888 4269 verba
911 4208 1159 4286 perciperentur?
1204 4210 1266 4269 lam
1282 4207 1363 4284 quod
1379 4214 1492 4284 poetas

362 4334 421 4377 uon
444 4314 532 4375 laeile
555 4314 683 4390 singulis
705 4313 806 4390 pueris
829 4311 921 4372 verba
944 4309 1082 4371 facienda
1105 4310 1242 4373 tribuisse
1265 4309 1403 4385 vidimus,
1429 4311 1493 4373 hoc
