<?xml version="1.0" encoding="UTF-8"?>
<!DOCTYPE html PUBLIC "-//W3C//DTD XHTML 1.0 Transitional//EN"
    "http://www.w3.org/TR/xhtml1/DTD/xhtml1-transitional.dtd">
<html xmlns="http://www.w3.org/1999/xhtml" xml:lang="en" lang="en">
 <head>
  <title>
</title>
<meta http-equiv="Content-Type" content="text/html;charset=utf-8" />
  <meta name='ocr-system' content='tesseract 3.04.00' />
  <meta name='ocr-capabilities' content='ocr_page ocr_carea ocr_par ocr_line ocrx_word'/>
</head>
<body>
  <div class='ocr_page' id='page_1' title='image "./depueroruminres00haymgoog_0030.png"; bbox 0 0 3104 5198; ppageno 0'>
   <div class='ocr_carea' id='block_1_1' title="bbox 1270 433 1332 492">
    <p class='ocr_par' dir='ltr' id='par_1_1' title="bbox 1270 433 1332 492">
     <span class='ocr_line' id='line_1_1' title="bbox 1270 433 1332 492; baseline 0 -1"><span class='ocrx_word' id='word_1_1' title='bbox 1270 433 1332 492; x_wconf 83' lang='lat'>239</span> 
     </span>
    </p>
   </div>
   <div class='ocr_carea' id='block_1_2' title="bbox 211 601 1335 2342">
    <p class='ocr_par' dir='ltr' id='par_1_2' title="bbox 211 601 1335 2342">
     <span class='ocr_line' id='line_1_2' title="bbox 211 601 1333 679; baseline 0 -19"><span class='ocrx_word' id='word_1_2' title='bbox 211 604 294 660; x_wconf 88' lang='lat' dir='ltr'>recte</span> <span class='ocrx_word' id='word_1_3' title='bbox 316 601 449 679; x_wconf 74' lang='lat' dir='ltr'>intellegi</span> <span class='ocrx_word' id='word_1_4' title='bbox 472 620 530 662; x_wconf 90' lang='lat' dir='ltr'>nou</span> <span class='ocrx_word' id='word_1_5' title='bbox 556 619 653 677; x_wconf 88' lang='lat' dir='ltr'>posse,</span> <span class='ocrx_word' id='word_1_6' title='bbox 675 601 731 661; x_wconf 92' lang='lat' dir='ltr'>nisi</span> <span class='ocrx_word' id='word_1_7' title='bbox 756 601 833 660; x_wconf 89' lang='lat' dir='ltr'>inter</span> <span class='ocrx_word' id='word_1_8' title='bbox 855 601 975 661; x_wconf 86' lang='lat' dir='ltr'>eosdem</span> <span class='ocrx_word' id='word_1_9' title='bbox 992 601 1135 678; x_wconf 83' lang='lat' dir='ltr'>incipitur</span> <span class='ocrx_word' id='word_1_10' title='bbox 1151 607 1181 663; x_wconf 89' lang='lat' dir='ltr'>et</span> <span class='ocrx_word' id='word_1_11' title='bbox 1196 601 1333 678; x_wconf 80' lang='lat' dir='ltr'>pergitur</span> 
     </span>
     <span class='ocr_line' id='line_1_3' title="bbox 211 701 1332 781; baseline 0.002 -18"><span class='ocrx_word' id='word_1_12' title='bbox 211 708 242 763; x_wconf 90' lang='lat' dir='ltr'>ct</span> <span class='ocrx_word' id='word_1_13' title='bbox 258 723 316 764; x_wconf 95' lang='lat' dir='ltr'>non</span> <span class='ocrx_word' id='word_1_14' title='bbox 333 704 420 765; x_wconf 91' lang='lat' dir='ltr'>modo</span> <span class='ocrx_word' id='word_1_15' title='bbox 436 705 484 764; x_wconf 91' lang='lat' dir='ltr'>hic</span> <span class='ocrx_word' id='word_1_16' title='bbox 500 704 587 764; x_wconf 90' lang='lat' dir='ltr'>modo</span> <span class='ocrx_word' id='word_1_17' title='bbox 604 705 655 763; x_wconf 91' lang='lat' dir='ltr'>ille</span> <span class='ocrx_word' id='word_1_18' title='bbox 671 723 744 781; x_wconf 89' lang='lat' dir='ltr'>puer</span> <span class='ocrx_word' id='word_1_19' title='bbox 759 702 922 780; x_wconf 72' lang='lat' dir='ltr'>respondet</span> <span class='ocrx_word' id='word_1_20' title='bbox 937 701 1030 780; x_wconf 86' lang='lat' dir='ltr'>(quod</span> <span class='ocrx_word' id='word_1_21' title='bbox 1045 704 1203 765; x_wconf 86' lang='lat' dir='ltr'>Richterus</span> <span class='ocrx_word' id='word_1_22' title='bbox 1219 704 1332 775; x_wconf 88' lang='lat' dir='ltr'>voluit).</span> 
     </span>
     <span class='ocr_line' id='line_1_4' title="bbox 211 804 1333 884; baseline -0.001 -17"><span class='ocrx_word' id='word_1_23' title='bbox 211 806 284 867; x_wconf 84' lang='lat' dir='ltr'>Cum</span> <span class='ocrx_word' id='word_1_24' title='bbox 315 824 386 866; x_wconf 92' lang='lat' dir='ltr'>vero</span> <span class='ocrx_word' id='word_1_25' title='bbox 417 811 541 868; x_wconf 91' lang='lat' dir='ltr'>metrum</span> <span class='ocrx_word' id='word_1_26' title='bbox 572 807 654 866; x_wconf 89' lang='lat' dir='ltr'>illins</span> <span class='ocrx_word' id='word_1_27' title='bbox 684 808 779 884; x_wconf 88' lang='lat' dir='ltr'>partis</span> <span class='ocrx_word' id='word_1_28' title='bbox 808 804 888 878; x_wconf 84' lang='lat' dir='ltr'>(teir.</span> <span class='ocrx_word' id='word_1_29' title='bbox 912 807 998 865; x_wconf 91' lang='lat' dir='ltr'>iamb.</span> <span class='ocrx_word' id='word_1_30' title='bbox 1021 813 1076 866; x_wconf 89' lang='lat' dir='ltr'>cat.</span> <span class='ocrx_word' id='word_1_31' title='bbox 1101 826 1167 868; x_wconf 92' lang='lat' dir='ltr'>cnm</span> <span class='ocrx_word' id='word_1_32' title='bbox 1196 825 1333 884; x_wconf 82' lang='lat' dir='ltr'>syncopa</span> 
     </span>
     <span class='ocr_line' id='line_1_5' title="bbox 211 906 1332 989; baseline 0.001 -22"><span class='ocrx_word' id='word_1_33' title='bbox 211 910 240 968; x_wconf 90' lang='lat' dir='ltr'>in</span> <span class='ocrx_word' id='word_1_34' title='bbox 274 909 378 985; x_wconf 89' lang='lat' dir='ltr'>quinto</span> <span class='ocrx_word' id='word_1_35' title='bbox 412 906 499 989; x_wconf 87' lang='lat' dir='ltr'>pede)</span> <span class='ocrx_word' id='word_1_36' title='bbox 533 908 570 968; x_wconf 93' lang='lat' dir='ltr'>ad</span> <span class='ocrx_word' id='word_1_37' title='bbox 605 927 771 968; x_wconf 88' lang='lat' dir='ltr'>sermonem</span> <span class='ocrx_word' id='word_1_38' title='bbox 812 910 936 984; x_wconf 88' lang='lat' dir='ltr'>propius</span> <span class='ocrx_word' id='word_1_39' title='bbox 976 909 1120 971; x_wconf 78' lang='lat' dir='ltr'>accedere</span> <span class='ocrx_word' id='word_1_40' title='bbox 1157 908 1332 987; x_wconf 85' lang='lat' dir='ltr'>videatur,¹)</span> 
     </span>
     <span class='ocr_line' id='line_1_6' title="bbox 212 1010 1332 1088; baseline 0.001 -18"><span class='ocrx_word' id='word_1_41' title='bbox 212 1030 277 1071; x_wconf 90' lang='lat' dir='ltr'>cum</span> <span class='ocrx_word' id='word_1_42' title='bbox 316 1010 536 1088; x_wconf 78' lang='lat' dir='ltr'>Westphalio²l</span> <span class='ocrx_word' id='word_1_43' title='bbox 578 1030 630 1072; x_wconf 90' lang='lat' dir='ltr'>cos</span> <span class='ocrx_word' id='word_1_44' title='bbox 666 1030 769 1072; x_wconf 87' lang='lat' dir='ltr'>versus</span> <span class='ocrx_word' id='word_1_45' title='bbox 806 1012 940 1088; x_wconf 88' lang='lat' dir='ltr'>singulos</span> <span class='ocrx_word' id='word_1_46' title='bbox 977 1012 1121 1071; x_wconf 79' lang='lat' dir='ltr'>cecinisse</span> <span class='ocrx_word' id='word_1_47' title='bbox 1158 1016 1332 1073; x_wconf 74' lang='lat' dir='ltr'>statuemus.</span> 
     </span>
     <span class='ocr_line' id='line_1_7' title="bbox 213 1114 1332 1192; baseline 0.001 -19"><span class='ocrx_word' id='word_1_48' title='bbox 213 1117 318 1190; x_wconf 89' lang='lat' dir='ltr'>ltaque</span> <span class='ocrx_word' id='word_1_49' title='bbox 341 1120 467 1191; x_wconf 88' lang='lat' dir='ltr'>apparet</span> <span class='ocrx_word' id='word_1_50' title='bbox 491 1114 636 1174; x_wconf 90' lang='lat' dir='ltr'>hocloco</span> <span class='ocrx_word' id='word_1_51' title='bbox 660 1115 860 1192; x_wconf 80' lang='lat' dir='ltr'>coryphaeum</span> <span class='ocrx_word' id='word_1_52' title='bbox 885 1133 951 1173; x_wconf 93' lang='lat' dir='ltr'>cum</span> <span class='ocrx_word' id='word_1_53' title='bbox 976 1134 1036 1174; x_wconf 92' lang='lat' dir='ltr'>uno</span> <span class='ocrx_word' id='word_1_54' title='bbox 1059 1114 1223 1192; x_wconf 87' lang='lat' dir='ltr'>eodemque</span> <span class='ocrx_word' id='word_1_55' title='bbox 1239 1133 1332 1192; x_wconf 85' lang='lat' dir='ltr'>puero</span> 
     </span>
     <span class='ocr_line' id='line_1_8' title="bbox 213 1216 1332 1295; baseline 0.002 -21"><span class='ocrx_word' id='word_1_56' title='bbox 213 1217 334 1276; x_wconf 86' lang='lat' dir='ltr'>vocibus</span> <span class='ocrx_word' id='word_1_57' title='bbox 358 1217 532 1290; x_wconf 85' lang='lat' dir='ltr'>alternasse,</span> <span class='ocrx_word' id='word_1_58' title='bbox 554 1222 644 1292; x_wconf 85' lang='lat' dir='ltr'>atque</span> <span class='ocrx_word' id='word_1_59' title='bbox 667 1221 772 1292; x_wconf 90' lang='lat' dir='ltr'>sponte</span> <span class='ocrx_word' id='word_1_60' title='bbox 795 1235 826 1277; x_wconf 88' lang='lat' dir='ltr'>se</span> <span class='ocrx_word' id='word_1_61' title='bbox 843 1218 930 1275; x_wconf 83' lang='lat' dir='ltr'>offert</span> <span class='ocrx_word' id='word_1_62' title='bbox 946 1216 1090 1276; x_wconf 82' lang='lat' dir='ltr'>maximus</span> <span class='ocrx_word' id='word_1_63' title='bbox 1105 1217 1154 1276; x_wconf 91' lang='lat' dir='ltr'>ille</span> <span class='ocrx_word' id='word_1_64' title='bbox 1171 1235 1332 1295; x_wconf 88' lang='lat' dir='ltr'>puerorum</span> 
     </span>
     <span class='ocr_line' id='line_1_9' title="bbox 212 1316 1334 1396; baseline 0.001 -18"><span class='ocrx_word' id='word_1_65' title='bbox 212 1321 274 1395; x_wconf 86' lang='lat' dir='ltr'>(qui</span> <span class='ocrx_word' id='word_1_66' title='bbox 306 1324 411 1395; x_wconf 88' lang='lat' dir='ltr'>postea</span> <span class='ocrx_word' id='word_1_67' title='bbox 441 1319 553 1396; x_wconf 89' lang='lat' dir='ltr'>primns</span> <span class='ocrx_word' id='word_1_68' title='bbox 577 1319 791 1380; x_wconf 81' lang='lat' dir='ltr'>Carcinitarum</span> <span class='ocrx_word' id='word_1_69' title='bbox 824 1316 936 1395; x_wconf 82' lang='lat' dir='ltr'>prodit)</span> <span class='ocrx_word' id='word_1_70' title='bbox 967 1318 1170 1395; x_wconf 85' lang='lat' dir='ltr'>dignissimus,</span> <span class='ocrx_word' id='word_1_71' title='bbox 1200 1319 1249 1379; x_wconf 90' lang='lat' dir='ltr'>cui</span> <span class='ocrx_word' id='word_1_72' title='bbox 1276 1320 1334 1380; x_wconf 90' lang='lat' dir='ltr'>hoo</span> 
     </span>
     <span class='ocr_line' id='line_1_10' title="bbox 213 1421 1334 1498; baseline 0.002 -19"><span class='ocrx_word' id='word_1_73' title='bbox 213 1439 321 1481; x_wconf 88' lang='lat' dir='ltr'>munus</span> <span class='ocrx_word' id='word_1_74' title='bbox 344 1421 536 1481; x_wconf 87' lang='lat' dir='ltr'>vindicemus.</span> <span class='ocrx_word' id='word_1_75' title='bbox 571 1422 684 1480; x_wconf 85' lang='lat' dir='ltr'>Tamen</span> <span class='ocrx_word' id='word_1_76' title='bbox 708 1440 786 1481; x_wconf 82' lang='lat' dir='ltr'>rinus</span> <span class='ocrx_word' id='word_1_77' title='bbox 807 1421 856 1482; x_wconf 88' lang='lat' dir='ltr'>ille</span> <span class='ocrx_word' id='word_1_78' title='bbox 880 1439 934 1498; x_wconf 94' lang='lat' dir='ltr'>pro</span> <span class='ocrx_word' id='word_1_79' title='bbox 958 1422 1094 1481; x_wconf 90' lang='lat' dir='ltr'>omuibus</span> <span class='ocrx_word' id='word_1_80' title='bbox 1118 1422 1211 1481; x_wconf 84' lang='lat' dir='ltr'>verba</span> <span class='ocrx_word' id='word_1_81' title='bbox 1225 1421 1334 1482; x_wconf 84' lang='lat' dir='ltr'>fecisse</span> 
     </span>
     <span class='ocr_line' id='line_1_11' title="bbox 212 1522 1335 1601; baseline 0.003 -18"><span class='ocrx_word' id='word_1_82' title='bbox 212 1524 390 1599; x_wconf 85' lang='lat' dir='ltr'>cogitandus</span> <span class='ocrx_word' id='word_1_83' title='bbox 421 1534 479 1597; x_wconf 79' lang='lat' dir='ltr'>cst,</span> <span class='ocrx_word' id='word_1_84' title='bbox 507 1525 584 1583; x_wconf 87' lang='lat' dir='ltr'>sicut</span> <span class='ocrx_word' id='word_1_85' title='bbox 615 1542 717 1584; x_wconf 89' lang='lat' dir='ltr'>omues</span> <span class='ocrx_word' id='word_1_86' title='bbox 747 1523 888 1584; x_wconf 85' lang='lat' dir='ltr'>videntur</span> <span class='ocrx_word' id='word_1_87' title='bbox 918 1529 1007 1583; x_wconf 88' lang='lat' dir='ltr'>antea</span> <span class='ocrx_word' id='word_1_88' title='bbox 1037 1525 1211 1600; x_wconf 84' lang='lat' dir='ltr'>peccavisse</span> <span class='ocrx_word' id='word_1_89' title='bbox 1238 1522 1335 1601; x_wconf 74' lang='lat'><strong>(250),</strong></span> 
     </span>
     <span class='ocr_line' id='line_1_12' title="bbox 212 1611 1334 1704; baseline -0.001 -18"><span class='ocrx_word' id='word_1_90' title='bbox 212 1645 314 1686; x_wconf 89' lang='lat' dir='ltr'>omnes</span> <span class='ocrx_word' id='word_1_91' title='bbox 337 1645 397 1685; x_wconf 90' lang='lat' dir='ltr'>una</span> <span class='ocrx_word' id='word_1_92' title='bbox 413 1627 602 1704; x_wconf 85' lang='lat' dir='ltr'>vapulavissc</span> <span class='ocrx_word' id='word_1_93' title='bbox 624 1626 714 1699; x_wconf 75' lang='lat'>(2542</span> <span class='ocrx_word' id='word_1_94' title='bbox 737 1619 765 1684; x_wconf 83' lang='grc' dir='ltr'>εἰ</span> <span class='ocrx_word' id='word_1_95' title='bbox 781 1614 822 1704; x_wconf 72' lang='grc' dir='ltr'>νὴ</span> <span class='ocrx_word' id='word_1_96' title='bbox 838 1611 887 1684; x_wconf 76' lang='grc' dir='ltr'>Δί’</span> <span class='ocrx_word' id='word_1_97' title='bbox 901 1612 1002 1697; x_wconf 77' lang='grc' dir='ltr'><strong><em>αὖθις</em></strong></span> <span class='ocrx_word' id='word_1_98' title='bbox 1017 1615 1197 1696; x_wconf 78' lang='grc' dir='ltr'><em>κονδύλοις</em></span> <span class='ocrx_word' id='word_1_99' title='bbox 1213 1623 1334 1685; x_wconf 79' lang='grc' dir='ltr'><strong><em>νουθε-</em></strong></span> 
     </span>
     <span class='ocr_line' id='line_1_13' title="bbox 211 1711 1333 1809; baseline 0.003 -22"><span class='ocrx_word' id='word_1_100' title='bbox 211 1715 325 1808; x_wconf 75' lang='grc' dir='ltr'><em>τήσεθ’</em></span> <span class='ocrx_word' id='word_1_101' title='bbox 347 1711 453 1809; x_wconf 78' lang='grc' dir='ltr'>ἡμᾶς).</span> <span class='ocrx_word' id='word_1_102' title='bbox 490 1731 530 1789; x_wconf 79' lang='lat' dir='ltr'>At</span> <span class='ocrx_word' id='word_1_103' title='bbox 549 1749 667 1788; x_wconf 88' lang='lat' dir='ltr'>carmen</span> <span class='ocrx_word' id='word_1_104' title='bbox 689 1727 1333 1805; x_wconf 82' lang='lat' dir='ltr'>quodsequitnramoebaeum(291—315)</span> 
     </span>
     <span class='ocr_line' id='line_1_14' title="bbox 212 1831 1333 1909; baseline 0.001 -19"><span class='ocrx_word' id='word_1_105' title='bbox 212 1837 293 1891; x_wconf 90' lang='lat' dir='ltr'>certe</span> <span class='ocrx_word' id='word_1_106' title='bbox 317 1850 419 1891; x_wconf 89' lang='lat' dir='ltr'>omnes</span> <span class='ocrx_word' id='word_1_107' title='bbox 441 1833 527 1909; x_wconf 84' lang='lat' dir='ltr'>pueri</span> <span class='ocrx_word' id='word_1_108' title='bbox 551 1851 616 1891; x_wconf 93' lang='lat' dir='ltr'>cum</span> <span class='ocrx_word' id='word_1_109' title='bbox 638 1838 700 1893; x_wconf 91' lang='lat' dir='ltr'>toto</span> <span class='ocrx_word' id='word_1_110' title='bbox 717 1832 809 1892; x_wconf 89' lang='lat' dir='ltr'>choro</span> <span class='ocrx_word' id='word_1_111' title='bbox 826 1833 1012 1891; x_wconf 87' lang='lat' dir='ltr'>alternantes</span> <span class='ocrx_word' id='word_1_112' title='bbox 1028 1831 1209 1892; x_wconf 88' lang='lat' dir='ltr'>cecinerunt.</span> <span class='ocrx_word' id='word_1_113' title='bbox 1245 1831 1333 1906; x_wconf 80' lang='lat' dir='ltr'>Quod</span> 
     </span>
     <span class='ocr_line' id='line_1_15' title="bbox 213 1935 1334 1996; baseline 0 -2"><span class='ocrx_word' id='word_1_114' title='bbox 213 1936 289 1994; x_wconf 92' lang='lat' dir='ltr'>enim</span> <span class='ocrx_word' id='word_1_115' title='bbox 313 1936 463 1995; x_wconf 85' lang='lat' dir='ltr'>antecedit</span> <span class='ocrx_word' id='word_1_116' title='bbox 486 1954 605 1995; x_wconf 85' lang='lat' dir='ltr'>carmen</span> <span class='ocrx_word' id='word_1_117' title='bbox 628 1935 666 1995; x_wconf 93' lang='lat' dir='ltr'>ab</span> <span class='ocrx_word' id='word_1_118' title='bbox 688 1935 830 1994; x_wconf 85' lang='lat' dir='ltr'>universo</span> <span class='ocrx_word' id='word_1_119' title='bbox 853 1935 944 1995; x_wconf 87' lang='lat' dir='ltr'>choro</span> <span class='ocrx_word' id='word_1_120' title='bbox 968 1939 1118 1994; x_wconf 87' lang='lat' dir='ltr'>cantatum</span> <span class='ocrx_word' id='word_1_121' title='bbox 1151 1952 1218 1996; x_wconf 87' lang='lat' dir='ltr'>esse</span> <span class='ocrx_word' id='word_1_122' title='bbox 1251 1935 1334 1994; x_wconf 91' lang='lat' dir='ltr'>lucu·</span> 
     </span>
     <span class='ocr_line' id='line_1_16' title="bbox 214 2034 1079 2115; baseline -0.001 -19"><span class='ocrx_word' id='word_1_123' title='bbox 214 2039 311 2097; x_wconf 87' lang='lat' dir='ltr'>lenter</span> <span class='ocrx_word' id='word_1_124' title='bbox 333 2057 369 2098; x_wconf 84' lang='lat' dir='ltr'>er</span> <span class='ocrx_word' id='word_1_125' title='bbox 392 2038 438 2098; x_wconf 83' lang='lat' dir='ltr'>liis</span> <span class='ocrx_word' id='word_1_126' title='bbox 461 2040 623 2114; x_wconf 86' lang='lat' dir='ltr'>coryphaei</span> <span class='ocrx_word' id='word_1_127' title='bbox 646 2038 747 2097; x_wconf 85' lang='lat' dir='ltr'>verbis</span> <span class='ocrx_word' id='word_1_128' title='bbox 769 2045 897 2115; x_wconf 89' lang='lat' dir='ltr'>apparet</span> <span class='ocrx_word' id='word_1_129' title='bbox 919 2034 1079 2111; x_wconf 65' lang='lat' dir='ltr'>(tlollllt</span> 
     </span>
     <span class='ocr_line' id='line_1_17' title="bbox 468 2142 1200 2235; baseline -0.001 -19"><span class='ocrx_word' id='word_1_130' title='bbox 468 2142 554 2216; x_wconf 73' lang='grc' dir='ltr'><em>ἄλλά</em></span> <span class='ocrx_word' id='word_1_131' title='bbox 574 2175 631 2235; x_wconf 85' lang='grc' dir='ltr'>μοι</span> <span class='ocrx_word' id='word_1_132' title='bbox 655 2153 749 2216; x_wconf 78' lang='grc' dir='ltr'><em>δοκεῖ</em></span> <span class='ocrx_word' id='word_1_133' title='bbox 770 2146 912 2227; x_wconf 80' lang='grc' dir='ltr'><em>στάντας</em></span> <span class='ocrx_word' id='word_1_134' title='bbox 935 2142 1054 2215; x_wconf 79' lang='grc' dir='ltr'><strong><em>ἐνθάδ’</em></strong></span> <span class='ocrx_word' id='word_1_135' title='bbox 1076 2142 1200 2235; x_wconf 79' lang='grc' dir='ltr'><strong><em>ὦνδρες</em></strong></span> 
     </span>
     <span class='ocr_line' id='line_1_18' title="bbox 367 2246 823 2342; baseline -0.007 -22"><span class='ocrx_word' id='word_1_136' title='bbox 367 2246 511 2342; x_wconf 77' lang='grc' dir='ltr'><strong><em>ᾄδοντας</em></strong></span> <span class='ocrx_word' id='word_1_137' title='bbox 532 2246 640 2319; x_wconf 74' lang='grc' dir='ltr'><em>αὐτὸν</em></span> <span class='ocrx_word' id='word_1_138' title='bbox 663 2253 823 2319; x_wconf 80' lang='grc' dir='ltr'><strong><em>ἐκκαλεῖν.</em></strong></span> 
     </span>
    </p>
   </div>
   <div class='ocr_carea' id='block_1_3' title="bbox 213 2379 1336 3279">
    <p class='ocr_par' dir='ltr' id='par_1_3' title="bbox 213 2379 1334 2645">
     <span class='ocr_line' id='line_1_19' title="bbox 214 2379 1334 2455; baseline -0.003 -14"><span class='ocrx_word' id='word_1_139' title='bbox 214 2380 287 2441; x_wconf 83' lang='lat' dir='ltr'>Cum</span> <span class='ocrx_word' id='word_1_140' title='bbox 318 2381 408 2455; x_wconf 87' lang='lat' dir='ltr'>igitur</span> <span class='ocrx_word' id='word_1_141' title='bbox 436 2382 465 2439; x_wconf 94' lang='lat' dir='ltr'>iu</span> <span class='ocrx_word' id='word_1_142' title='bbox 497 2380 628 2439; x_wconf 90' lang='lat' dir='ltr'>ciusdem</span> <span class='ocrx_word' id='word_1_143' title='bbox 659 2380 799 2440; x_wconf 90' lang='lat' dir='ltr'>carminis</span> <span class='ocrx_word' id='word_1_144' title='bbox 821 2379 879 2439; x_wconf 88' lang='lat' dir='ltr'>fine</span> <span class='ocrx_word' id='word_1_145' title='bbox 902 2381 1105 2439; x_wconf 82' lang='lat' dir='ltr'>universus</span> <span class='ocrx_word' id='word_1_146' title='bbox 1129 2380 1238 2439; x_wconf 90' lang='lat' dir='ltr'>chorus</span> <span class='ocrx_word' id='word_1_147' title='bbox 1260 2393 1334 2438; x_wconf 86' lang='lat' dir='ltr'>ceci-</span> 
     </span>
     <span class='ocr_line' id='line_1_20' title="bbox 213 2480 848 2582; baseline -0.003 -40"><span class='ocrx_word' id='word_1_148' title='bbox 213 2485 292 2542; x_wconf 88' lang='lat' dir='ltr'>nerit</span> <span class='ocrx_word' id='word_1_149' title='bbox 314 2480 416 2555; x_wconf 77' lang='lat'>(290):</span> <span class='ocrx_word' id='word_1_150' title='bbox 576 2551 592 2576; x_wconf 50' lang='grc' dir='ltr'><strong><em>ο</em></strong></span> <span class='ocrx_word' id='word_1_151' title='bbox 664 2551 672 2571; x_wconf 43' lang='grc'><em>,</em></span> <span class='ocrx_word' id='word_1_152' title='bbox 709 2553 720 2582; x_wconf 67' lang='lat' dir='ltr'>s</span> <span class='ocrx_word' id='word_1_153' title='bbox 833 2550 848 2576; x_wconf 61' lang='lat'>0</span> 
     </span>
     <span class='ocr_line' id='line_1_21' title="bbox 570 2573 945 2645; baseline -0.003 -19"><span class='ocrx_word' id='word_1_154' title='bbox 570 2584 662 2645; x_wconf 79' lang='grc' dir='ltr'><em>υπαγ</em></span> <span class='ocrx_word' id='word_1_155' title='bbox 695 2585 723 2625; x_wconf 89' lang='lat' dir='ltr'>oo</span> <span class='ocrx_word' id='word_1_156' title='bbox 743 2573 807 2625; x_wconf 65' lang='lat' dir='ltr'>aas</span> <span class='ocrx_word' id='word_1_157' title='bbox 827 2584 945 2645; x_wconf 81' lang='grc' dir='ltr'><strong><em>υπαγε,</em></strong></span> 
     </span>
    </p>

    <p class='ocr_par' dir='ltr' id='par_1_4' title="bbox 213 2680 1336 3178">
     <span class='ocr_line' id='line_1_22' title="bbox 213 2680 1336 2766; baseline -0.001 -18"><span class='ocrx_word' id='word_1_158' title='bbox 213 2708 323 2766; x_wconf 90' lang='lat' dir='ltr'>pueros</span> <span class='ocrx_word' id='word_1_159' title='bbox 353 2707 476 2766; x_wconf 89' lang='lat' dir='ltr'>quoqne</span> <span class='ocrx_word' id='word_1_160' title='bbox 499 2707 627 2748; x_wconf 89' lang='lat' dir='ltr'>omnes</span> <span class='ocrx_word' id='word_1_161' title='bbox 650 2707 709 2747; x_wconf 90' lang='lat' dir='ltr'>una</span> <span class='ocrx_word' id='word_1_162' title='bbox 739 2706 814 2747; x_wconf 85' lang='lat' dir='ltr'>voce</span> <span class='ocrx_word' id='word_1_163' title='bbox 837 2687 1028 2764; x_wconf 90' lang='lat' dir='ltr'>respondisse</span> <span class='ocrx_word' id='word_1_164' title='bbox 1051 2680 1233 2765; x_wconf 89' lang='lat' dir='ltr'>putabimus.</span> <span class='ocrx_word' id='word_1_165' title='bbox 1278 2687 1336 2761; x_wconf 78' lang='lat' dir='ltr'>Qui</span> 
     </span>
     <span class='ocr_line' id='line_1_23' title="bbox 216 2790 1336 2867; baseline -0.001 -16"><span class='ocrx_word' id='word_1_166' title='bbox 216 2811 327 2851; x_wconf 90' lang='lat' dir='ltr'>rnorem</span> <span class='ocrx_word' id='word_1_167' title='bbox 359 2792 515 2852; x_wconf 87' lang='lat' dir='ltr'>chororum</span> <span class='ocrx_word' id='word_1_168' title='bbox 547 2792 718 2851; x_wconf 88' lang='lat' dir='ltr'>sollemnem</span> <span class='ocrx_word' id='word_1_169' title='bbox 746 2791 840 2850; x_wconf 86' lang='lat' dir='ltr'>secuti</span> <span class='ocrx_word' id='word_1_170' title='bbox 863 2809 986 2851; x_wconf 90' lang='lat' dir='ltr'>numero</span> <span class='ocrx_word' id='word_1_171' title='bbox 1010 2791 1155 2865; x_wconf 87' lang='lat' dir='ltr'>singulari</span> <span class='ocrx_word' id='word_1_172' title='bbox 1177 2795 1207 2849; x_wconf 88' lang='lat' dir='ltr'>et</span> <span class='ocrx_word' id='word_1_173' title='bbox 1229 2790 1336 2867; x_wconf 88' lang='lat' dir='ltr'>plurali</span> 
     </span>
     <span class='ocr_line' id='line_1_24' title="bbox 216 2894 1336 2971; baseline -0.002 -17"><span class='ocrx_word' id='word_1_174' title='bbox 216 2897 385 2971; x_wconf 88' lang='lat' dir='ltr'>promiscue</span> <span class='ocrx_word' id='word_1_175' title='bbox 409 2901 542 2954; x_wconf 88' lang='lat' dir='ltr'>utuntur.</span> <span class='ocrx_word' id='word_1_176' title='bbox 583 2895 688 2970; x_wconf 90' lang='lat' dir='ltr'>ltaque</span> <span class='ocrx_word' id='word_1_177' title='bbox 711 2895 867 2954; x_wconf 87' lang='lat' dir='ltr'>conamina</span> <span class='ocrx_word' id='word_1_178' title='bbox 888 2894 948 2969; x_wconf 87' lang='lat' dir='ltr'>illa,</span> <span class='ocrx_word' id='word_1_179' title='bbox 971 2894 1078 2970; x_wconf 90' lang='lat' dir='ltr'>quibus</span> <span class='ocrx_word' id='word_1_180' title='bbox 1101 2895 1179 2953; x_wconf 89' lang='lat' dir='ltr'>inter</span> <span class='ocrx_word' id='word_1_181' title='bbox 1202 2894 1336 2970; x_wconf 91' lang='lat' dir='ltr'>singulos</span> 
     </span>
     <span class='ocr_line' id='line_1_25' title="bbox 217 2994 1335 3075; baseline 0 -19"><span class='ocrx_word' id='word_1_182' title='bbox 217 3016 327 3075; x_wconf 87' lang='lat' dir='ltr'>pueros</span> <span class='ocrx_word' id='word_1_183' title='bbox 363 2998 499 3074; x_wconf 89' lang='lat' dir='ltr'>singulae</span> <span class='ocrx_word' id='word_1_184' title='bbox 536 3004 636 3073; x_wconf 84' lang='lat' dir='ltr'>partes</span> <span class='ocrx_word' id='word_1_185' title='bbox 673 3016 690 3056; x_wconf 93' lang='lat' dir='ltr'>a</span> <span class='ocrx_word' id='word_1_186' title='bbox 726 2994 897 3068; x_wconf 76' lang='lat' dir='ltr'>Richtero³l</span> <span class='ocrx_word' id='word_1_187' title='bbox 934 2996 1169 3072; x_wconf 89' lang='lat' dir='ltr'>distribuuntur,</span> <span class='ocrx_word' id='word_1_188' title='bbox 1205 3002 1335 3057; x_wconf 88' lang='lat' dir='ltr'>tractare</span> 
     </span>
     <span class='ocr_line' id='line_1_26' title="bbox 213 3101 403 3178; baseline -0.005 -17"><span class='ocrx_word' id='word_1_189' title='bbox 213 3101 403 3178; x_wconf 88' lang='lat' dir='ltr'>supersedeo.</span> 
     </span>
    </p>

    <p class='ocr_par' dir='ltr' id='par_1_5' title="bbox 299 3197 1335 3279">
     <span class='ocr_line' id='line_1_27' title="bbox 299 3197 1335 3279; baseline -0.001 -17"><span class='ocrx_word' id='word_1_190' title='bbox 299 3204 333 3262; x_wconf 91' lang='lat' dir='ltr'>ln</span> <span class='ocrx_word' id='word_1_191' title='bbox 368 3197 456 3263; x_wconf 77' lang='lat' dir='ltr'>Pacis</span> <span class='ocrx_word' id='word_1_192' title='bbox 492 3204 575 3263; x_wconf 89' lang='lat' dir='ltr'>initio</span> <span class='ocrx_word' id='word_1_193' title='bbox 609 3202 695 3275; x_wconf 82' lang='grc'>(114)</span> <span class='ocrx_word' id='word_1_194' title='bbox 730 3200 839 3262; x_wconf 89' lang='lat' dir='ltr'>filiolae</span> <span class='ocrx_word' id='word_1_195' title='bbox 872 3202 1003 3278; x_wconf 82' lang='lat' dir='ltr'>Trygaci</span> <span class='ocrx_word' id='word_1_196' title='bbox 1039 3202 1196 3279; x_wconf 90' lang='lat' dir='ltr'>prodeunt.</span> <span class='ocrx_word' id='word_1_197' title='bbox 1249 3204 1335 3261; x_wconf 88' lang='lat' dir='ltr'>Duae</span> 
     </span>
    </p>
   </div>
   <div class='ocr_carea' id='block_1_4' title="bbox 213 3283 1336 3899">
    <p class='ocr_par' dir='ltr' id='par_1_6' title="bbox 213 3283 1336 3899">
     <span class='ocr_line' id='line_1_28' title="bbox 214 3283 1334 3383; baseline -0.002 -19"><span class='ocrx_word' id='word_1_198' title='bbox 214 3306 355 3366; x_wconf 86' lang='lat' dir='ltr'>videntur</span> <span class='ocrx_word' id='word_1_199' title='bbox 389 3306 481 3365; x_wconf 85' lang='lat' dir='ltr'>fuisse</span> <span class='ocrx_word' id='word_1_200' title='bbox 511 3305 675 3365; x_wconf 90' lang='lat' dir='ltr'>secundum</span> <span class='ocrx_word' id='word_1_201' title='bbox 710 3305 802 3364; x_wconf 84' lang='lat' dir='ltr'>aclrol.</span> <span class='ocrx_word' id='word_1_202' title='bbox 825 3305 898 3363; x_wconf 90' lang='lat' dir='ltr'>Veu.</span> <span class='ocrx_word' id='word_1_203' title='bbox 933 3305 971 3363; x_wconf 94' lang='lat' dir='ltr'>ad</span> <span class='ocrx_word' id='word_1_204' title='bbox 1001 3323 1028 3361; x_wconf 88' lang='lat' dir='ltr'>v.</span> <span class='ocrx_word' id='word_1_205' title='bbox 1054 3308 1128 3364; x_wconf 82' lang='lat'>137:</span> <span class='ocrx_word' id='word_1_206' title='bbox 1162 3283 1190 3361; x_wconf 76' lang='grc' dir='ltr'><em>ὦ</em></span> <span class='ocrx_word' id='word_1_207' title='bbox 1219 3298 1334 3383; x_wconf 83' lang='grc' dir='ltr'><em>μελέα·</em></span> 
     </span>
     <span class='ocr_line' id='line_1_29' title="bbox 215 3394 1336 3486; baseline 0 -19"><span class='ocrx_word' id='word_1_208' title='bbox 215 3403 354 3479; x_wconf 58' lang='lat' dir='ltr'>dorsoq-</span> <span class='ocrx_word' id='word_1_209' title='bbox 382 3402 468 3486; x_wconf 69' lang='grc' dir='ltr'><em>λέγει</em></span> <span class='ocrx_word' id='word_1_210' title='bbox 492 3401 526 3467; x_wconf 72' lang='lat' dir='ltr'>dd</span> <span class='ocrx_word' id='word_1_211' title='bbox 549 3398 633 3486; x_wconf 79' lang='grc' dir='ltr'>πρὸς</span> <span class='ocrx_word' id='word_1_212' title='bbox 657 3394 756 3482; x_wconf 75' lang='grc' dir='ltr'><em>ἄμφω</em></span> <span class='ocrx_word' id='word_1_213' title='bbox 778 3394 821 3465; x_wconf 79' lang='grc' dir='ltr'>τὰ</span> <span class='ocrx_word' id='word_1_214' title='bbox 843 3401 969 3465; x_wconf 76' lang='grc' dir='ltr'><em>παιδία.</em></span> <span class='ocrx_word' id='word_1_215' title='bbox 1014 3408 1054 3466; x_wconf 81' lang='lat' dir='ltr'>At</span> <span class='ocrx_word' id='word_1_216' title='bbox 1077 3407 1204 3467; x_wconf 91' lang='lat' dir='ltr'>dubitari</span> <span class='ocrx_word' id='word_1_217' title='bbox 1229 3413 1336 3484; x_wconf 86' lang='lat' dir='ltr'>potest,</span> 
     </span>
     <span class='ocr_line' id='line_1_30' title="bbox 214 3510 1334 3587; baseline -0.002 -15"><span class='ocrx_word' id='word_1_218' title='bbox 214 3517 311 3572; x_wconf 87' lang='lat' dir='ltr'>utrum</span> <span class='ocrx_word' id='word_1_219' title='bbox 341 3531 448 3572; x_wconf 86' lang='lat' dir='ltr'>revera</span> <span class='ocrx_word' id='word_1_220' title='bbox 478 3512 534 3571; x_wconf 91' lang='lat' dir='ltr'>hoc</span> <span class='ocrx_word' id='word_1_221' title='bbox 563 3511 708 3571; x_wconf 89' lang='lat' dir='ltr'>scholium</span> <span class='ocrx_word' id='word_1_222' title='bbox 736 3510 889 3587; x_wconf 88' lang='lat' dir='ltr'>antiquam</span> <span class='ocrx_word' id='word_1_223' title='bbox 918 3511 1086 3569; x_wconf 87' lang='lat' dir='ltr'>memoriam</span> <span class='ocrx_word' id='word_1_224' title='bbox 1110 3510 1265 3586; x_wconf 77' lang='lat' dir='ltr'>praebeat,</span> <span class='ocrx_word' id='word_1_225' title='bbox 1297 3530 1334 3570; x_wconf 91' lang='lat' dir='ltr'>an</span> 
     </span>
     <span class='ocr_line' id='line_1_31' title="bbox 213 3609 1335 3692; baseline 0 -20"><span class='ocrx_word' id='word_1_226' title='bbox 213 3609 315 3692; x_wconf 80' lang='grc' dir='ltr'><em>μελέα</em></span> <span class='ocrx_word' id='word_1_227' title='bbox 344 3615 505 3692; x_wconf 85' lang='lat' dir='ltr'>singularis</span> <span class='ocrx_word' id='word_1_228' title='bbox 534 3614 632 3690; x_wconf 87' lang='lat' dir='ltr'>potius</span> <span class='ocrx_word' id='word_1_229' title='bbox 662 3612 876 3673; x_wconf 82' lang='lat' dir='ltr'>existimandus</span> <span class='ocrx_word' id='word_1_230' title='bbox 906 3614 952 3672; x_wconf 86' lang='lat' dir='ltr'>sit.</span> <span class='ocrx_word' id='word_1_231' title='bbox 997 3612 1045 3673; x_wconf 87' lang='lat' dir='ltr'>Sic</span> <span class='ocrx_word' id='word_1_232' title='bbox 1075 3612 1152 3672; x_wconf 90' lang='lat' dir='ltr'>enim</span> <span class='ocrx_word' id='word_1_233' title='bbox 1176 3612 1335 3687; x_wconf 87' lang='lat' dir='ltr'>legendum</span> 
     </span>
     <span class='ocr_line' id='line_1_32' title="bbox 214 3701 1335 3794; baseline 0 -19"><span class='ocrx_word' id='word_1_234' title='bbox 214 3723 274 3793; x_wconf 86' lang='lat' dir='ltr'>cst,</span> <span class='ocrx_word' id='word_1_235' title='bbox 303 3736 362 3776; x_wconf 93' lang='lat' dir='ltr'>non</span> <span class='ocrx_word' id='word_1_236' title='bbox 392 3711 461 3794; x_wconf 76' lang='grc' dir='ltr'>μέλ’</span> <span class='ocrx_word' id='word_1_237' title='bbox 490 3704 545 3791; x_wconf 75' lang='grc' dir='ltr'>ἄν,</span> <span class='ocrx_word' id='word_1_238' title='bbox 574 3715 654 3793; x_wconf 85' lang='lat' dir='ltr'>quod</span> <span class='ocrx_word' id='word_1_239' title='bbox 684 3707 750 3773; x_wconf 67' lang='grc' dir='ltr'>ἔδει</span> <span class='ocrx_word' id='word_1_240' title='bbox 781 3734 840 3775; x_wconf 94' lang='lat' dir='ltr'>non</span> <span class='ocrx_word' id='word_1_241' title='bbox 871 3720 941 3792; x_wconf 87' lang='lat' dir='ltr'>eget</span> <span class='ocrx_word' id='word_1_242' title='bbox 963 3716 1110 3791; x_wconf 88' lang='lat' dir='ltr'>particula</span> <span class='ocrx_word' id='word_1_243' title='bbox 1133 3701 1184 3772; x_wconf 74' lang='lat' dir='ltr'>dv.</span> <span class='ocrx_word' id='word_1_244' title='bbox 1229 3716 1335 3791; x_wconf 87' lang='lat' dir='ltr'>ltaque</span> 
     </span>
     <span class='ocr_line' id='line_1_33' title="bbox 214 3818 1336 3899; baseline 0 -20"><span class='ocrx_word' id='word_1_245' title='bbox 214 3818 404 3892; x_wconf 84' lang='lat' dir='ltr'>Ricliterns⁴)</span> <span class='ocrx_word' id='word_1_246' title='bbox 435 3826 548 3899; x_wconf 89' lang='lat' dir='ltr'>septem</span> <span class='ocrx_word' id='word_1_247' title='bbox 579 3820 693 3897; x_wconf 91' lang='lat' dir='ltr'>puellas</span> <span class='ocrx_word' id='word_1_248' title='bbox 723 3819 814 3879; x_wconf 83' lang='lat' dir='ltr'>luisse</span> <span class='ocrx_word' id='word_1_249' title='bbox 842 3820 1011 3895; x_wconf 89' lang='lat' dir='ltr'>suspicatur</span> <span class='ocrx_word' id='word_1_250' title='bbox 1041 3837 1077 3878; x_wconf 84' lang='lat' dir='ltr'>ex</span> <span class='ocrx_word' id='word_1_251' title='bbox 1104 3825 1231 3896; x_wconf 83' lang='lat' dir='ltr'>septem,</span> <span class='ocrx_word' id='word_1_252' title='bbox 1261 3837 1336 3895; x_wconf 89' lang='lat' dir='ltr'>quos</span> 
     </span>
    </p>
   </div>
   <div class='ocr_carea' id='block_1_5' title="bbox 215 3981 1335 4480">
    <p class='ocr_par' dir='ltr' id='par_1_7' title="bbox 215 3981 1335 4137">
     <span class='ocr_line' id='line_1_34' title="bbox 302 3981 1335 4051; baseline -0.004 -11"><span class='ocrx_word' id='word_1_253' title='bbox 302 3989 323 4048; x_wconf 84' lang='lat'>¹)</span> <span class='ocrx_word' id='word_1_254' title='bbox 348 3984 388 4040; x_wconf 84' lang='lat' dir='ltr'>cf.</span> <span class='ocrx_word' id='word_1_255' title='bbox 407 4001 453 4037; x_wconf 89' lang='lat' dir='ltr'>vv.</span> <span class='ocrx_word' id='word_1_256' title='bbox 470 3987 562 4051; x_wconf 72' lang='lat' dir='ltr'>arom</span> <span class='ocrx_word' id='word_1_257' title='bbox 583 3989 612 4038; x_wconf 90' lang='lat' dir='ltr'>ot</span> <span class='ocrx_word' id='word_1_258' title='bbox 629 3982 720 4039; x_wconf 80' lang='lat' dir='ltr'>Nubb.</span> <span class='ocrx_word' id='word_1_259' title='bbox 735 3986 813 4050; x_wconf 79' lang='lat'>1212,</span> <span class='ocrx_word' id='word_1_260' title='bbox 839 3981 885 4036; x_wconf 90' lang='lat' dir='ltr'>ubi</span> <span class='ocrx_word' id='word_1_261' title='bbox 911 3981 984 4036; x_wconf 91' lang='lat' dir='ltr'>idem</span> <span class='ocrx_word' id='word_1_262' title='bbox 1008 3987 1123 4036; x_wconf 86' lang='lat' dir='ltr'>metrum</span> <span class='ocrx_word' id='word_1_263' title='bbox 1147 3981 1275 4048; x_wconf 83' lang='lat' dir='ltr'>occurrit¹</span> <span class='ocrx_word' id='word_1_264' title='bbox 1301 3981 1335 4036; x_wconf 83' lang='lat' dir='ltr'>ab</span> 
     </span>
     <span class='ocr_line' id='line_1_35' title="bbox 215 4066 850 4137; baseline -0.003 -14"><span class='ocrx_word' id='word_1_265' title='bbox 215 4068 350 4134; x_wconf 90' lang='lat' dir='ltr'>cncomlo,</span> <span class='ocrx_word' id='word_1_266' title='bbox 368 4067 443 4137; x_wconf 92' lang='lat' dir='ltr'>qnod</span> <span class='ocrx_word' id='word_1_267' title='bbox 462 4073 543 4121; x_wconf 88' lang='lat' dir='ltr'>antea</span> <span class='ocrx_word' id='word_1_268' title='bbox 560 4067 672 4132; x_wconf 86' lang='lat' dir='ltr'>canitur,</span> <span class='ocrx_word' id='word_1_269' title='bbox 692 4066 850 4121; x_wconf 86' lang='lat' dir='ltr'>discretum.</span> 
     </span>
    </p>

    <p class='ocr_par' dir='ltr' id='par_1_8' title="bbox 215 4148 1335 4308">
     <span class='ocr_line' id='line_1_36' title="bbox 302 4148 1335 4222; baseline -0.003 -16"><span class='ocrx_word' id='word_1_270' title='bbox 302 4156 323 4222; x_wconf 86' lang='lat'>¹)</span> <span class='ocrx_word' id='word_1_271' title='bbox 341 4150 661 4220; x_wconf 78' lang='lat' dir='ltr'>Rossbach-Westphal</span> <span class='ocrx_word' id='word_1_272' title='bbox 673 4151 750 4206; x_wconf 80' lang='lat' dir='ltr'>Metu.</span> <span class='ocrx_word' id='word_1_273' title='bbox 763 4154 774 4184; x_wconf 84' lang='lat'>³</span> <span class='ocrx_word' id='word_1_274' title='bbox 786 4167 812 4218; x_wconf 90' lang='lat' dir='ltr'>p.</span> <span class='ocrx_word' id='word_1_275' title='bbox 826 4155 889 4218; x_wconf 80' lang='lat'>2393</span> <span class='ocrx_word' id='word_1_276' title='bbox 908 4148 942 4206; x_wconf 84' lang='lat' dir='ltr'>cf.</span> <span class='ocrx_word' id='word_1_277' title='bbox 956 4150 985 4206; x_wconf 85' lang='lat' dir='ltr'>C.</span> <span class='ocrx_word' id='word_1_278' title='bbox 999 4150 1074 4218; x_wconf 75' lang='lat' dir='ltr'>Muli,</span> <span class='ocrx_word' id='word_1_279' title='bbox 1087 4150 1178 4206; x_wconf 90' lang='lat' dir='ltr'>Ueber</span> <span class='ocrx_word' id='word_1_280' title='bbox 1195 4150 1250 4205; x_wconf 91' lang='lat' dir='ltr'>deu</span> <span class='ocrx_word' id='word_1_281' title='bbox 1264 4150 1335 4205; x_wconf 84' lang='lat' dir='ltr'>Vor-</span> 
     </span>
     <span class='ocr_line' id='line_1_37' title="bbox 215 4236 1000 4308; baseline -0.006 -14"><span class='ocrx_word' id='word_1_282' title='bbox 215 4246 277 4308; x_wconf 90' lang='lat' dir='ltr'>trag</span> <span class='ocrx_word' id='word_1_283' title='bbox 295 4239 321 4293; x_wconf 88' lang='lat' dir='ltr'>d.</span> <span class='ocrx_word' id='word_1_284' title='bbox 340 4238 534 4306; x_wconf 84' lang='lat' dir='ltr'>Chorpartiecn</span> <span class='ocrx_word' id='word_1_285' title='bbox 553 4237 598 4292; x_wconf 91' lang='lat' dir='ltr'>bei</span> <span class='ocrx_word' id='word_1_286' title='bbox 616 4237 710 4305; x_wconf 82' lang='lat' dir='ltr'>Arist,</span> <span class='ocrx_word' id='word_1_287' title='bbox 728 4236 807 4291; x_wconf 76' lang='lat' dir='ltr'>Helle</span> <span class='ocrx_word' id='word_1_288' title='bbox 829 4239 900 4302; x_wconf 76' lang='lat' dir='ltr'>isar,</span> <span class='ocrx_word' id='word_1_289' title='bbox 919 4252 946 4303; x_wconf 91' lang='lat' dir='ltr'>p.</span> <span class='ocrx_word' id='word_1_290' title='bbox 959 4241 1000 4289; x_wconf 81' lang='lat' dir='ltr'>ld.</span> 
     </span>
    </p>

    <p class='ocr_par' dir='ltr' id='par_1_9' title="bbox 301 4328 492 4379">
     <span class='ocr_line' id='line_1_38' title="bbox 301 4328 492 4379; baseline -0.005 1"><span class='ocrx_word' id='word_1_291' title='bbox 301 4328 311 4359; x_wconf 60' lang='lat' dir='ltr'>s</span> <span class='ocrx_word' id='word_1_292' title='bbox 452 4360 457 4376; x_wconf 79' lang='grc' dir='ltr'>Ι</span> <span class='ocrx_word' id='word_1_293' title='bbox 487 4368 492 4379; x_wconf 79' lang='grc' dir='ltr'>ι</span> 
     </span>
    </p>

    <p class='ocr_par' dir='ltr' id='par_1_10' title="bbox 302 4324 995 4480">
     <span class='ocr_line' id='line_1_39' title="bbox 302 4324 995 4480; baseline -0.001 -16"><span class='ocrx_word' id='word_1_294' title='bbox 302 4328 324 4478; x_wconf 57' lang='lat'>‘3</span> <span class='ocrx_word' id='word_1_295' title='bbox 342 4324 497 4480; x_wconf 55' lang='lat' dir='ltr'>ircordgdd.</span> <span class='ocrx_word' id='word_1_296' title='bbox 516 4409 551 4463; x_wconf 90' lang='lat' dir='ltr'>ad</span> <span class='ocrx_word' id='word_1_297' title='bbox 564 4410 611 4464; x_wconf 86' lang='lat' dir='ltr'>Ar.</span> <span class='ocrx_word' id='word_1_298' title='bbox 624 4409 694 4476; x_wconf 81' lang='lat' dir='ltr'>Pac,</span> <span class='ocrx_word' id='word_1_299' title='bbox 713 4407 803 4464; x_wconf 89' lang='lat' dir='ltr'>Berol.</span> <span class='ocrx_word' id='word_1_300' title='bbox 825 4413 898 4475; x_wconf 85' lang='grc'>1860,</span> <span class='ocrx_word' id='word_1_301' title='bbox 915 4425 942 4478; x_wconf 94' lang='lat' dir='ltr'>p.</span> <span class='ocrx_word' id='word_1_302' title='bbox 955 4412 995 4463; x_wconf 78' lang='grc'>51.</span> 
     </span>
    </p>
   </div>
   <div class='ocr_carea' id='block_1_6' title="bbox 0 0 1561 5198">
    <p class='ocr_par' dir='ltr' id='par_1_11' title="bbox 0 0 1561 5198">
     <span class='ocr_line' id='line_1_40' title="bbox 0 0 1561 5198; baseline 0 0"><span class='ocrx_word' id='word_1_303' title='bbox 0 0 1561 5198; x_wconf 95' lang='lat' dir='ltr'> </span> 
     </span>
    </p>
   </div>
  </div>
 </body>
</html>
