3104 5198
1277 410 1339 469 225

216 602 274 642 non
299 581 429 658 impedit,
452 581 611 658 quominus
626 580 800 658 Euripidem
824 579 962 640 hocloco
979 579 1162 658 colloquium
1178 598 1337 657 puerorum

215 686 367 753 induxisse
406 684 570 744 credamus.
606 715 649 723 —
686 685 789 760 ltaque
823 684 960 743 omnibus
993 685 1028 744 iis
1069 684 1225 761 exemplis,
1262 702 1339 759 qnae

215 789 323 848 cadere
340 788 520 847 videbantur
542 789 571 846 in
596 787 692 863 legem
715 788 795 846 illam
812 786 1030 863 Nauckianam,
1052 786 1213 863 diligenter
1228 786 1338 846 exami-

217 894 306 962 natis,
336 892 401 950 aliis
431 892 505 950 alias
537 889 727 950 condiclones
758 890 881 950 subesse
908 891 1116 968 cognovimus,
1148 890 1256 966 quibus
1279 908 1337 948 uon

216 995 359 1069 respectis
393 1012 451 1053 non
487 997 585 1068 potest
618 999 701 1051 certa
734 992 781 1052 lex
816 993 964 1053 constitui.
1016 991 1143 1052 Omnino
1177 996 1276 1051 autem
1308 993 1336 1051 in

215 1095 324 1155 talibus
358 1094 473 1170 legibus
507 1093 676 1152 dramaticis
710 1094 888 1169 statuendis,
922 1111 999 1169 quae
1030 1097 1075 1154 est
1104 1092 1336 1153 testimoniorum

215 1199 352 1274 penuria,
386 1214 501 1255 summa
534 1196 672 1255 cautione
707 1214 783 1271 opus
813 1201 867 1254 est
922 1197 983 1255 Fac
1013 1215 1071 1255 non
1103 1200 1253 1255 servatam
1283 1213 1338 1254 nos

216 1301 324 1359 trabere
355 1299 497 1375 Aeschyli
527 1300 790 1374 Agamemnonem,
822 1317 921 1358 nonne
954 1297 1041 1358 lacile
1073 1299 1168 1375 legem
1200 1298 1278 1357 illam
1307 1298 1336 1357 in

215 1410 315 1462 vetere
345 1400 500 1479 tragoedia
530 1401 631 1461 valere
661 1403 876 1472 coniceremus,
912 1420 1101 1480 nequaqnam
1134 1401 1223 1461 licere
1253 1402 1335 1460 cluori

214 1505 347 1581 singulas
379 1523 521 1582 personas
553 1503 702 1581 separatis
731 1522 833 1564 earum
865 1503 1051 1564 sermonibus
1074 1503 1224 1580 designari
1247 1508 1337 1581 atque

214 1608 363 1668 discerni?
408 1609 448 1666 nt
470 1607 509 1665 ibi
533 1612 630 1682 pocta,
653 1611 684 1665 nt
707 1624 810 1666 senum
834 1607 996 1666 animorum
1015 1606 1269 1684 perturbationem
1287 1606 1337 1667 de·

214 1713 363 1788 pingeret,
394 1715 457 1770 arte
489 1710 541 1768 illa
568 1709 605 1768 ad
630 1727 695 1769 eum
720 1708 807 1768 linem
833 1709 919 1769 unico
942 1708 1166 1769 accommodata
1189 1727 1261 1769 usus
1284 1714 1337 1769 est.

213 1813 313 1887 Quint
344 1833 408 1873 oum
442 1813 523 1889 pueri
556 1831 574 1871 a
604 1817 698 1873 matre
729 1812 903 1883 caedantur,
936 1831 1035 1872 nonno
1063 1812 1102 1872 ibi
1124 1831 1244 1891 qnoque
1267 1831 1336 1873 con·

213 1916 322 1975 dicioni
353 1922 399 1975 est
428 1920 528 1992 aptum
560 1916 724 1991 singulos
755 1915 905 1975 clamare?
949 1916 1052 1975 Restat
1074 1917 1165 1992 igitur
1188 1934 1225 1976 ex
1248 1934 1335 1992 argn-

213 2020 318 2078 mentis
341 2016 525 2078 Nanokianis
550 2017 607 2077 hoc
623 2035 721 2088 unum,
745 2017 825 2094 quod
842 2018 906 2094 ipse
922 2035 982 2077 nou
999 2018 1096 2094 magni
1113 2016 1194 2094 facit,
1217 2036 1335 2078 versum

213 2124 307 2197 ipsum
331 2121 423 2197 illum,
445 2138 533 2196 qnem
557 2119 722 2179 eiciendum
746 2125 861 2179 censet:

416 2205 480 2280 ούκ
503 2209 566 2281 olo’
590 2204 712 2296 ἄδελφὲ
735 2205 885 2296 φίλτατ’·
909 2205 1105 2300 ὀλλύμεσθα
1129 2213 1191 2301 γάρ

214 2325 364 2402 Euripidis
390 2326 512 2401 ingenio
535 2343 594 2384 non
620 2341 685 2383 esse
709 2322 841 2399 dignum.
886 2326 925 2383 nt
948 2326 1016 2402 quis
1039 2326 1149 2403 ubique
1173 2324 1336 2387 diiudicare

212 2429 328 2498 audeat,
351 2427 425 2504 qnid
448 2432 554 2504 poetae
578 2426 672 2503 possit
694 2425 792 2498 tribui,
815 2426 887 2503 quid
910 2429 992 2487 non?
1028 2426 1087 2488 Sed
1110 2427 1189 2488 hand
1213 2430 1274 2488 scic
1297 2448 1335 2489 an

212 2533 236 2590 si
267 2549 338 2591 vero
368 2530 482 2590 Graece
514 2530 692 2606 sentiamus,
722 2531 818 2589 minus
848 2529 1033 2589 offendamus
1063 2530 1091 2590 in
1122 2531 1202 2590 illins
1232 2549 1336 2592 versus

212 2634 381 2693 sobrietate.
426 2633 571 2711 Imprimis
594 2633 671 2692 enim
696 2632 754 2693 hoc
778 2633 957 2693 monendum
981 2636 1038 2705 est,
1062 2633 1244 2694 Graecorum
1268 2654 1334 2712 par·

212 2738 333 2796 ticulum
372 2722 433 2813 γὰρ
471 2754 529 2794 uon
567 2740 678 2795 tantam
716 2740 859 2813 quantam
897 2741 1029 2796 nostram
1070 2735 1186 2808 ,donn“
1224 2737 1334 2798 habere

212 2840 346 2916 logicam,
370 2843 401 2898 ut
423 2840 465 2897 ita
486 2837 592 2916 dicam,
614 2839 681 2898 vim.
718 2837 858 2898 Similiter
873 2838 951 2898 intra
968 2839 1052 2915 pueri
1069 2840 1198 2900 clamant
1213 2838 1335 2914 (1277):

416 2935 481 3014 val,
502 2928 587 3018 πρὸς
610 2938 712 3014 θεῶν,
735 2924 887 3021 ύρὴξατ’·
911 2932 948 2999 ἐν
970 2935 1082 3000 δέοντι
1105 2931 1175 3020 γάρ.

214 3045 285 3105 Utut
307 3049 404 3103 antem
429 3043 503 3104 haec
526 3062 559 3103 se
583 3044 707 3120 habent,
738 3062 827 3103 versu
853 3047 934 3105 1272
958 3045 1080 3121 omisso,
1107 3063 1197 3105 unns
1219 3050 1333 3106 tantum

212 3165 288 3223 puer
311 3147 426 3219 clamat,
448 3146 529 3223 quod
554 3146 700 3223 obstrepit
722 3147 804 3206 chori
828 3146 929 3206 verbis
952 3146 998 3207 his
1020 3145 1141 3220 (1273):

414 3233 549 3319 ἀκούεις
570 3237 655 3320 βοὰν
677 3232 809 3319 ἀκούεις
831 3241 978 3321 atavam

211 3353 355 3426 Quamvis
371 3353 448 3410 enim
462 3350 706 3410 Wilamowitnins
723 3351 779 3410 hoc
793 3351 908 3411 admitti
926 3369 1015 3429 posse
1031 3353 1140 3412 dixerit
1155 3351 1332 3427 (secundum

212 3456 315 3531 lcgcm,
327 3473 415 3531 quam
429 3454 466 3513 de
479 3452 653 3513 dirimendis
665 3454 807 3514 trimetris
820 3455 984 3526 constitnit,
997 3455 1054 3515 An.
1064 3456 1132 3516 Eur.
1144 3474 1173 3532 p.
1184 3460 1244 3517 194
1252 3449 1332 3534 sqq.)

211 3576 326 3616 versum
354 3560 447 3617 1271:

415 3651 515 3735 οἴμοι,
537 3652 570 3716 τί
593 3644 723 3736 dodam
745 3664 808 3717 ποῖ
829 3650 930 3737 φύγω
951 3648 1077 3739 μητρὸς
1096 3653 1210 3739 pulpae,

211 3763 288 3820 lutor
318 3760 393 3821 dnos
423 3779 533 3838 pueros
564 3761 714 3836 distribui,
744 3768 842 3822 tamen
871 3763 940 3822 mihi
964 3763 1097 3840 videtur,
1126 3765 1150 3823 si
1175 3765 1333 3843 Euripides

212 3864 356 3923 voluisset
395 3883 503 3924 revera
540 3864 721 3940 colloquium
758 3865 888 3942 fingere,
925 3867 1038 3926 clarius
1076 3866 1151 3926 duas
1188 3885 1333 3944 personas

210 3966 400 4026 distinxisset.
453 3966 628 4043 Ubicunque
656 3970 735 4027 enim
767 3973 928 4029 occurrunt
957 3969 1083 4029 trimetri
1114 3970 1155 4029 ita
1185 3970 1332 4049 dirempti,

209 4068 366 4128 evidenter
381 4069 515 4145 signatur
537 4069 725 4146 colloquium,
747 4072 787 4129 ita
811 4077 843 4130 ut
865 4072 942 4131 alter
964 4072 1089 4131 alterum
1113 4073 1246 4151 appellet
1267 4074 1332 4134 sivo

209 4179 296 4248 roget
318 4171 381 4231 sive
405 4176 531 4249 moneat,
553 4171 590 4230 cs.
606 4191 630 4232 e.
646 4192 675 4248 g.
697 4173 761 4233 Alc.
777 4176 839 4235 390
855 4191 907 4251 sq:

251 4269 318 4332 ΑΔ.
342 4267 471 4350 βλέψον
492 4262 579 4351 πρὸς
600 4259 733 4348 αύτούς,
757 4270 897 4351 βλέψον.
922 4273 992 4336 ΑΛ.
1016 4261 1117 4336 ούδέν
1141 4264 1202 4355 εἰμ’
1225 4268 1281 4337 ἔτι.

252 4371 318 4436 ΑΔ.
342 4370 375 4434 ti
391 4368 485 4460 δρᾷς
499 4371 711 4455 προλείπεις,·
726 4373 797 4438 ΑΛ.
812 4374 905 4459 χαῖρ’.
930 4376 997 4440 ΑΔ.
1015 4364 1201 4464 ἀπωλόμην
1216 4370 1329 4456 τάλας.
