3104 5198
208 363 270 423 238

209 537 409 609 persuaserat,
424 551 485 609 qua
501 532 539 592 de
556 551 588 592 re
605 532 691 592 nobis
707 531 783 591 inira
798 532 895 593 fusius
911 533 1122 610 disputandum
1139 534 1204 593 erit.
1241 532 1335 606 Quod

209 635 246 696 ad
271 655 424 696 numerum
449 655 610 712 puerorum
634 637 749 709 attinet,
771 636 827 694 iam
845 631 1001 707 Beerius¹i
1025 655 1126 695 verum
1148 637 1234 696 vidit:
1259 641 1335 696 tres

210 738 301 798 luisse
325 743 450 816 propter
474 746 532 797 tres
556 739 735 815 Carcinites,
768 740 819 815 qni
850 740 879 797 in
904 738 962 799 fine
993 739 1110 798 fabulae
1140 739 1234 812 (1501
1253 736 1335 816 sqq.)

209 841 359 917 prodeunt
388 841 532 900 saltaturi.
586 840 643 914 Qui
674 860 740 900 cnm
774 841 812 900 ob
844 841 964 900 brevem
996 860 1154 918 corporum
1185 847 1335 902 staturam

209 942 403 1020 irrideantur,
429 962 448 1002 a
470 944 570 1020 pueris
593 951 685 1020 atque
707 944 742 1003 iis
765 944 883 1020 quidem
907 944 992 1020 ipsis,
1014 945 1066 1020 qni
1089 951 1178 1004 antea
1200 946 1335 1005 laternas

208 1046 354 1117 tulerant,
395 1047 452 1105 acti
486 1064 552 1105 esse
586 1046 711 1122 potandi
745 1051 828 1122 sunt,
865 1046 1011 1122 siquidem
1046 1049 1335 1123 parachoregemate

208 1149 298 1209 semel
321 1149 443 1209 inducto
467 1151 580 1224 largius
608 1151 650 1208 uli
673 1148 822 1209 sollemnis
845 1149 901 1208 fuit
923 1154 1030 1226 poetae
1052 1167 1113 1227 ars;
1144 1150 1247 1225 itaque
1270 1156 1334 1210 tres

209 1251 351 1310 habemus
388 1270 498 1328 pueros
532 1253 756 1328 praelucentes,
793 1271 859 1310 nam
893 1257 953 1310 tres
988 1252 1128 1311 videntur
1161 1253 1333 1312 Carcinitae

208 1354 372 1415 saltavisse.
399 1355 487 1414 Hanc
509 1374 581 1414 vero
604 1356 804 1414 coniecturam
829 1356 849 1413 l.
866 1353 1055 1425 ltichtcrns²)
1079 1373 1137 1414 non
1170 1374 1224 1432 pro
1248 1359 1334 1414 certa

208 1458 358 1534 accipiens
392 1459 469 1517 inter
496 1458 596 1517 varias
629 1458 793 1517 sententias
827 1456 934 1516 dubius
967 1457 1084 1533 pendet.
1144 1458 1217 1518 Cum
1253 1458 1331 1517 enim

208 1565 333 1637 propter
355 1578 383 1618 u.
401 1563 495 1620 1512:

412 1665 440 1736 ὦ
462 1663 610 1757 Καρκίν’,
633 1657 662 1736 ὦ
682 1666 822 1756 μακάριε
843 1674 903 1756 τῆς
926 1663 1099 1749 εὐπαιδίας

208 1822 324 1895 patrem
357 1817 452 1893 ipsum
483 1834 548 1875 cum
583 1815 676 1875 tribus
706 1815 772 1875 filiis
802 1817 973 1892 saltavisse,
1006 1820 1058 1875 ant
1088 1818 1176 1876 etiam
1206 1820 1334 1894 propter

208 1926 380 1999 sequentem
405 1935 537 1980 versum:

363 2025 445 2100 ὅσον
468 2030 508 2100 τὰ
530 2035 665 2119 πλῆθος
688 2032 870 2098 κατέπεσεν
891 2034 962 2097 τῶν
985 2023 1131 2117 ὀρχίλων

209 2163 310 2238 plures
326 2163 522 2222 homunculos
537 2162 566 2220 in
584 2161 738 2221 orchestra
760 2161 936 2237 apparuisse
959 2160 1102 2219 credibile
1126 2161 1173 2235 sit,
1194 2165 1248 2219 aut
1270 2164 1334 2219 tres

208 2269 261 2324 aut
293 2267 435 2340 (puattuor
464 2269 517 2323 ant
547 2265 647 2340 plnres
677 2281 797 2340 quoqne
827 2281 935 2339 pueros
965 2263 1174 2339 praelucentes
1204 2262 1333 2340 cogitari

209 2385 305 2444 posse.
348 2367 389 2426 At
418 2367 470 2444 qui
497 2370 604 2444 poetae
632 2385 717 2426 usum
741 2369 834 2442 novit,
864 2372 923 2425 tam
947 2365 1073 2426 obscure
1096 2384 1162 2424 enm
1186 2383 1333 2442 personas

209 2470 392 2548 prodeuntes
422 2488 482 2529 non
513 2470 633 2546 signare
663 2467 756 2543 probe
785 2471 854 2544 scit,
885 2474 917 2528 ut
947 2487 1005 2527 noo
1037 2468 1133 2527 dicam
1168 2467 1225 2528 hoc
1256 2467 1333 2528 nihil

208 2573 318 2633 habere
335 2571 470 2643 mirandi,
494 2570 574 2648 qnod
592 2571 746 2645 Carcinus,
769 2571 831 2629 sive
854 2570 940 2631 adest
963 2571 1041 2630 inter
1063 2576 1251 2648 spectatores
1268 2570 1333 2630 sive

209 2695 284 2747 non,
315 2676 353 2735 ob
382 2674 509 2734 filiorum
539 2674 665 2734 virtutes
694 2673 864 2750 appellatur·
894 2680 982 2750 atque
1013 2674 1190 2734 celebratur.
1242 2671 1333 2747 erod

209 2779 318 2839 attinet
341 2784 439 2838 autem
463 2776 501 2836 ad
524 2795 644 2836 versum
670 2779 764 2838 1513:

362 2882 446 2956 ὅσον
466 2886 507 2955 τὸ
528 2893 661 2972 πλῆθος
683 2889 865 2955 κατέπεσεν
887 2892 959 2954 τῶν
982 2881 1134 2974 ὀρχίλων,

209 3019 278 3081 inde
307 3036 443 3095 magnam
475 3016 723 3077 homunculorum
756 3017 972 3077 multitudinem
1004 3019 1034 3076 in
1057 3016 1240 3076 orchestram
1264 3034 1332 3093 pro

209 3122 299 3182 diisse
327 3120 465 3181 concludi
490 3121 610 3180 omniuo
634 3138 693 3180 non
717 3126 828 3197 potest,
858 3120 929 3196 quia
952 3120 1021 3179 illud
1044 3119 1226 3179 enuntiatum
1249 3124 1333 3178 arcte

209 3224 321 3302 pendet
343 3243 380 3284 ex
403 3223 615 3298 antecedente,
645 3223 798 3300 speciatim
821 3228 937 3299 spectat
958 3222 996 3281 ad
1020 3240 1122 3282 vocem
1146 3207 1333 3294 εὐπαιδίας,

198 3345 285 3404 ·quae
308 3327 445 3387 nimirum
469 3326 506 3385 ad
530 3330 592 3385 tres
608 3325 725 3386 Carcini
747 3324 822 3385 lilios
844 3325 1006 3386 reserenda
1029 3330 1081 3385 est.
1119 3324 1206 3398 Quod
1230 3330 1333 3384 autem

209 3430 246 3489 dc
267 3430 361 3489 tribus
378 3447 480 3489 vocem
496 3424 631 3508 πλῆθος
647 3429 812 3505 usurpavit,
835 3446 869 3489 eo
884 3428 1036 3504 aptissime
1052 3428 1230 3503 explicatur,
1252 3426 1336 3503 quod

209 3537 270 3593 tres
293 3531 402 3591 fratres
425 3530 569 3607 deinceps
591 3547 730 3590 scaenam
753 3531 877 3600 intrant,
906 3530 947 3588 ita
970 3534 1003 3589 ut
1025 3529 1100 3589 alius
1121 3530 1171 3589 alii
1195 3530 1336 3608 corporis

209 3635 356 3696 brevitate
378 3637 409 3693 et
432 3633 504 3692 miro
528 3632 629 3692 habitu
652 3633 811 3692 antecellat
833 3631 941 3704 (15112
965 3615 983 3690 ὃ
1007 3622 1249 3710 σμικρότατος),
1273 3651 1337 3709 qua

209 3757 242 3799 re
276 3735 472 3796 multitudinis
505 3736 620 3811 species
650 3737 752 3795 oritur.
783 3765 826 3774 —
854 3735 916 3793 lam
948 3734 1020 3812 quid
1052 3735 1088 3796 de
1117 3736 1233 3796 ratione
1264 3754 1337 3813 pro·

210 3839 367 3900 nuntiandi
399 3839 464 3898 erui
492 3839 599 3916 possit,
631 3837 792 3898 videamus.
836 3839 968 3897 Primum
995 3838 1053 3898 hoc
1075 3837 1256 3898 monendum
1279 3843 1338 3909 cst,

210 3942 389 4020 colloquium
413 3943 491 4001 inter
513 3947 615 4018 patres
638 3946 668 4000 et
689 3941 766 4000 filios
789 3941 864 4014 (sive
888 3947 1003 4017 patrem
1027 3932 1177 4019 etlilium)
1200 3940 1338 4001 habitum

209 4040 427 4124 (248—257),
457 4062 516 4120 quo
547 4048 636 4120 poeta
666 4061 826 4118 puerorum
857 4043 1008 4103 lasciviam
1040 4044 1161 4120 egregie
1187 4042 1342 4121 depinxit,

213 4182 414 4190 ——.-

297 4267 305 4299 ι
466 4299 471 4311 .
525 4302 531 4315 .

294 4265 318 4419 nl
336 4261 543 4416 llrtldlpolrlllld
561 4347 609 4401 Ar.
619 4346 704 4414 Vesp.
716 4345 805 4401 Berol
822 4349 894 4413 tosa,
911 4360 938 4412 p.
951 4348 983 4398 5³
993 4360 1054 4414 sqq.
