3104 5198
1267 403 1332 473 183

211 576 341 654 lugentia
371 579 533 654 provectae
564 576 672 635 aetatis
702 574 860 635 iudicatur.
905 577 1010 652 ltaque
1040 576 1147 637 Medea
1177 581 1207 637 ct
1229 595 1255 633 r.
1268 577 1330 637 905

211 681 385 741 stuiolo
408 695 520 754 pucros
543 678 672 739 oseulari
696 677 829 756 quidem,
852 678 904 739 sed
929 697 988 738 non
1012 678 1148 740 attollere
1171 677 1333 757 cogitanda

211 785 264 843 est
308 779 367 840 Sed
398 800 466 840 num
497 782 617 841 omnino
648 782 754 842 mirum
787 781 913 857 videtur,
945 782 1048 858 paullo
1083 783 1209 843 maiores
1238 781 1332 841 fuisse

212 902 263 944 eos
296 900 419 961 pueros,
453 883 562 961 quibus
593 884 664 942 talia
693 884 894 961 imponantur,
928 888 962 943 ut
991 902 1068 944 onus
1098 903 1158 944 non
1192 885 1331 960 exiguum

212 985 349 1046 manibus
380 986 562 1060 sustineant,
594 985 745 1057 auferant,
779 987 899 1046 omnino
931 1004 1023 1062 nsque
1053 991 1124 1047 eant
1151 985 1280 1047 redeant
1301 987 1332 1045 in

212 1088 343 1148 scaena?
355 1087 378 1159 ¹)
394 1117 435 1126 -
451 1087 619 1148 Clarissimo
635 1093 735 1149 autem
750 1092 869 1165 poetam
892 1107 998 1148 revera
1020 1088 1156 1150 diversas
1171 1106 1333 1167 puerorum

213 1195 327 1251 aetates
349 1191 448 1250 animo
471 1190 601 1266 finxisse,
632 1191 734 1267 itaque
758 1191 812 1251 bas
834 1192 1026 1268 quaestiones
1057 1210 1117 1252 non
1140 1193 1246 1252 inanes
1268 1208 1333 1252 esse

213 1292 354 1370 elucebit,
387 1294 411 1352 si
434 1293 489 1352 has
512 1292 635 1354 Medeae
667 1293 825 1354 liberorum
860 1300 963 1371 partes
993 1312 1060 1354 cum
1083 1294 1277 1370 Astyanactis
1302 1293 1333 1352 in

213 1395 417 1455 Troadibus
433 1395 662 1471 comparaveris.
686 1396 731 1456 Ibi
746 1414 867 1474 quoque
880 1401 975 1456 mater
986 1414 1113 1475 puerum
1125 1396 1224 1457 valere
1240 1396 1336 1472 iubet,

213 1497 265 1557 sed
289 1498 339 1558 ille
371 1497 550 1557 describitur
572 1513 669 1570 paene
692 1504 725 1559 ut
747 1499 856 1577 infans,
879 1518 956 1576 cum,
978 1517 1057 1576 quac
1079 1518 1178 1559 coram
1201 1497 1336 1574 sedant,

213 1599 387 1676 intellegere
416 1619 476 1660 non
500 1595 674 1679 videmnus)
717 1602 827 1662 Postea
850 1607 972 1662 matrem
995 1620 1062 1662 eum
1083 1602 1121 1661 ad
1143 1620 1176 1662 se
1199 1601 1336 1661 attollere

214 1707 296 1780 patet
318 1720 383 1762 cum
408 1703 483 1762 baec
505 1702 597 1762 dicat:
620 1701 694 1777 (757
708 1701 798 1782 sqq.):

372 1816 401 1895 ὦ
422 1831 502 1897 νέον
523 1820 757 1916 ὑπαγκάλισμα
778 1833 876 1918 μητρὶ
899 1833 1075 1915 φίλτατον,

370 1927 398 1999 ὦ
418 1930 550 2019 χρωτὸς
571 1924 638 2019 1)δύ
659 1939 810 2018 πνεῦμα·
835 1932 888 2001 διὰ
910 1938 1010 2020 κενῆς
1032 1929 1097 2021 ἄρα

370 2038 408 2102 ἐν
431 2033 637 2121 σπαργάνοις
659 2054 695 2103 σε
716 2034 840 2122 μαστὸς
862 2028 1017 2122 ἐξέθρεψ’
1032 2029 1089 2103 ὅδε
1111 2042 1180 2102 κτλ.

368 2135 556 2225 πρόσπιτνε
579 2137 642 2225 τὴν
663 2145 837 2220 τεκοῦσαν,
861 2131 945 2225 ἀμφὶ
968 2132 998 2206 d'
1014 2132 1140 2218 ὠλένας

369 2237 466 2308 ἵλισσ
482 2242 572 2327 ἐμοῖς
595 2240 731 2309 νώτοισι
755 2244 812 2308 καὶ
834 2236 929 2327 στόμ’
945 2234 1102 2329 ἅρμοσον.

302 2389 346 2446 Ex
385 2388 493 2447 ceteris
529 2388 628 2465 pueris
661 2386 878 2448 Heraclidae
916 2388 1042 2447 maiores
1079 2386 1229 2457 videntnr;
1270 2404 1338 2447 nam

217 2495 250 2549 ut
286 2507 378 2566 supra
414 2490 456 2566 (p.
476 2489 551 2561 227)
588 2489 801 2565 demonstravi,
838 2495 867 2549 et
903 2488 1092 2566 prudentiam
1127 2489 1275 2566 quandam
1309 2493 1341 2548 et

216 2593 274 2651 rim
305 2596 469 2668 praestant.
521 2591 635 2651 Similia
664 2592 699 2651 iis
730 2593 930 2669 imperantur,
965 2610 1043 2669 quae
1072 2591 1196 2652 Medeae
1230 2593 1341 2668 pneris,

217 2712 260 2755 se.
282 2699 316 2754 ut
337 2713 391 2771 per
414 2712 447 2754 se
469 2695 551 2772 ipsos
581 2712 669 2770 reges
691 2693 816 2770 adeant,
842 2694 985 2770 salutent,
1014 2695 1121 2771 quibus
1142 2694 1232 2754 rebus
1253 2693 1341 2753 libcr-

218 2800 310 2857 tatcm
340 2796 489 2874 quandam
514 2796 623 2873 agendi
654 2797 717 2856 sire
747 2795 918 2872 audaciam,
951 2797 1049 2875 qualis
1076 2797 1253 2873 pusionibus
1279 2814 1339 2856 non

218 2900 370 2975 convenit,
394 2900 518 2976 exprimi
540 2916 631 2976 supra
646 2900 810 2959 statuimus.
844 2900 890 2958 De
906 2899 1121 2977 Polymestoris
1143 2899 1173 2959 iu
1197 2898 1340 2959 Hecuba

217 3002 285 3062 filiis
307 3006 420 3062 eertum
445 3001 545 3062 dicere
568 3021 629 3061 non
652 3003 729 3072 licet,
753 3003 823 3078 quia
845 3001 975 3063 breviter
998 3007 1111 3062 tantum
1136 3007 1258 3080 apoeta
1282 3020 1341 3061 mc·

219 3109 382 3166 morantur.
427 3104 514 3178 Quod
539 3122 611 3164 vero
633 3104 822 3182 Polymestor
848 3106 912 3182 ipse
936 3108 1039 3164 narrat
1061 3104 1200 3165 mulieres
1227 3106 1257 3163 in
1277 3108 1341 3164 tcu-

221 3208 298 3268 torio
318 3226 428 3284 pueros
444 3208 580 3267 manibus
597 3207 729 3267 vibrasse
746 3203 923 3281 (albulus),
945 3206 1015 3267 inde
1030 3207 1059 3267 in
1077 3225 1186 3267 scaena
1201 3206 1341 3283 pusiones

220 3310 314 3371 fuisse
337 3309 474 3371 concludi
498 3328 584 3386 posse
608 3328 684 3385 nego
708 3328 744 3369 eu
768 3309 870 3369 eadem
895 3327 996 3386 causa,
1018 3327 1105 3385 quam
1130 3308 1167 3369 de
1183 3308 1342 3370 Alcestidis

218 3414 321 3489 pueris
354 3430 522 3489 servasque
545 3411 715 3472 narratione
739 3413 825 3471 attuli
856 3410 993 3488 (peso).
1037 3412 1149 3472 Contra
1171 3412 1342 3472 Herculis

219 3516 306 3594 pueri
327 3533 401 3575 sane
424 3514 487 3574 fere
510 3534 528 3573 a
550 3514 678 3574 trimulis
709 3514 759 3573 vel
781 3514 978 3590 quadrimnlis
1007 3514 1036 3573 in
1060 3533 1170 3574 scaena
1195 3515 1252 3573 acti
1277 3531 1343 3574 cssc

220 3617 369 3690 videntur,
391 3616 488 3693 qualis
511 3622 556 3675 est
579 3617 630 3674 illa
653 3634 771 3689 scaena,
798 3634 856 3692 qua
880 3617 973 3693 patris
995 3617 1129 3677 vestibus
1151 3617 1342 3691 implicantur

221 3725 288 3793 etc,
317 3718 355 3778 dc
385 3738 445 3796 qua
477 3737 569 3794 supra
598 3718 659 3777 dixi
683 3717 818 3794 (psal).
861 3718 949 3777 'l'alia
971 3718 1034 3778 fieri
1057 3736 1075 3777 a
1097 3720 1199 3795 pueris
1223 3718 1343 3778 circiter

219 3821 377 3883 duodecim
399 3839 545 3881 annorum
567 3822 700 3897 ineptum
718 3826 806 3898 esset,
827 3821 905 3881 sicut
920 3821 1067 3881 Molossus
1090 3840 1119 3898 q.
1135 3839 1172 3897 v,
1203 3822 1254 3897 qui
1277 3821 1341 3897 pari

307 4036 329 4102 ¹)
347 4033 448 4100 Quales
466 4035 620 4102 posteriore
639 4034 749 4103 quidem
768 4037 860 4089 aetate
872 4033 987 4089 ldedeac
1005 4032 1084 4088 liberi
1101 4033 1128 4087 in
1140 4048 1267 4087 somnam
1280 4048 1343 4101 pro·

220 4119 330 4188 dierlut,
357 4135 392 4173 ea
410 4119 576 4187 Pompeiana
598 4119 704 4187 pictura
725 4119 858 4187 cognosci
880 4124 984 4187 potest,
1010 4132 1080 4189 quac
1103 4133 1236 4187 expressa
1253 4124 1298 4173 cst
1314 4117 1343 4171 in

220 4205 293 4259 tlon
314 4202 378 4258 dell'
390 4204 458 4258 lust.
477 4204 550 4258 ined.
569 4203 624 4258 vol.
636 4202 684 4270 XI,
703 4203 758 4258 tub.
770 4207 810 4258 31.

308 4290 330 4357 ²)
349 4288 507 4357 Euripidem
527 4289 577 4343 hac
596 4290 623 4343 in
641 4305 670 4344 re
688 4289 827 4357 antiquam
846 4289 950 4356 epicam
969 4288 1127 4342 memoriam
1144 4291 1268 4342 secutum
1281 4302 1343 4342 esse

220 4389 304 4443 supra
321 4390 348 4443 p.
359 4378 418 4440 256,
436 4379 488 4430 na
507 4375 632 4443 exposui.

272 4479 332 4520 nra.
347 4477 399 4519 un.
413 4478 480 4520 x1u.
1161 4477 1192 4529 19
