3104 5198
1159 471 1221 530 256

98 637 293 715 Euripidem
317 640 448 699 Tereum
480 638 597 699 doctam
628 656 693 699 esse
718 637 966 699 Wilamovituius
993 639 1097 700 decuit
1119 639 1222 712 (Herc.

100 741 155 819 11²,
177 741 215 801 ad
236 761 263 800 v.
279 738 381 814 1022),
415 743 457 802 ita
488 747 521 801 ut
551 743 622 801 satis
645 745 772 818 angusto
794 743 938 819 temporis
960 743 1058 819 spatio
1080 771 1123 783 -
1145 743 1222 802 inter

98 844 233 905 Medeam
257 850 309 905 aut
330 846 494 921 Thyestem
518 848 548 904 et
571 845 732 904 Herculem
756 879 797 889 -
821 845 1030 904 incluserimus
1046 845 1187 904 Tereum.

185 947 311 1008 Liberos
342 948 379 1007 ab
410 947 504 1008 altero
534 951 659 1026 parente
692 947 856 1007 trucidatos
879 946 1043 1025 Sophocles
1074 947 1163 1007 tertio
1191 948 1220 1007 in

97 1045 213 1126 Tyfona
236 1042 334 1109 altera
357 1050 530 1109 tractavisse
554 1048 681 1109 videtur.
715 1050 829 1108 Harum
846 1050 923 1108 enim
940 1048 1122 1126 fabularum,
1145 1068 1222 1125 quae

99 1151 199 1212 adhuc
214 1151 344 1212 discerni
360 1171 420 1212 nou
440 1152 496 1210 iam
513 1170 601 1228 posse
617 1151 803 1224 videbantur,
825 1152 911 1211 alteri
928 1150 1076 1211 subfuisse
1092 1151 1222 1229 Tyronis

98 1272 166 1313 cum
189 1253 256 1314 filiis
276 1273 313 1314 ex
329 1256 471 1331 Neptuno
487 1254 574 1329 natis,
596 1255 680 1314 Pelia
696 1258 725 1314 et
740 1255 846 1325 Nolae,
870 1254 1106 1330 recognitionem
1131 1259 1221 1332 atque

97 1357 276 1435 supplicium
307 1357 343 1418 de
374 1376 506 1417 noverca
536 1362 700 1434 sumptum,
733 1357 819 1418 alteri
847 1375 970 1434 prorsus
993 1357 1080 1416 aliam
1103 1357 1222 1418 tabulae

97 1459 239 1538 formam,
261 1477 303 1519 sc.
325 1461 477 1536 Tyronem
501 1460 594 1536 ipsius
617 1458 737 1537 filiolos,
768 1459 849 1536 quod
873 1459 1022 1519 oraculum
1047 1460 1224 1537 accepisset,

97 1579 152 1623 eos
174 1567 288 1639 patrem
313 1581 399 1622 suum
422 1563 585 1639 occisuros,
607 1580 662 1623 sua
685 1580 775 1622 manu
798 1561 977 1639 trucidasse,
999 1562 1223 1639 Engelmannus

97 1657 265 1742 ostendit.¹)
321 1665 427 1741 Itaque
465 1682 577 1741 pueros
614 1664 679 1725 illos
716 1665 744 1724 iu
783 1681 893 1723 scaeua
930 1665 1108 1741 apparuisse
1146 1666 1220 1724 veri·

99 1766 194 1827 simile
218 1771 271 1827 est

185 1869 299 1930 Pueros
333 1867 480 1945 prodiisse
514 1869 542 1927 iu
577 1868 744 1945 Sophoclea
775 1860 947 1929 [aucuerre
980 1867 1135 1944 probabile
1169 1873 1223 1946 est,

99 1971 241 2047 quoniam
264 1971 447 2031 Laocoontis
478 1969 607 2032 liliorum
639 1962 847 2049 (quiquidem
878 1971 906 2030 iu
935 1969 1059 2046 antiqua
1082 1973 1223 2031 memoria

99 2073 210 2149 ubique
233 2075 336 2150 pueri
359 2070 440 2144 sunt)
464 2073 614 2134 interilum
638 2076 845 2150 argumentum
862 2072 1035 2148 tragoediae
1060 2071 1151 2133 inisse
1171 2073 1223 2133 de·

100 2176 276 2235 monstravit
292 2174 476 2246 Robe1·tus.²)
514 2176 661 2252 Cognovit
684 2175 733 2234 ille
757 2175 842 2250 dnos,
865 2193 924 2235 non
949 2179 1077 2251 patrem,
1109 2176 1223 2237 occisos

99 2294 166 2336 esse
189 2295 206 2335 a
229 2277 324 2336 Poros
347 2281 376 2336 et
400 2276 579 2347 Chariboea‚
602 2294 639 2336 ex
662 2276 804 2352 Calydnis
827 2277 932 2336 insulis
955 2274 1147 2353 vehentibus,
1170 2279 1222 2355 qui

100 2379 234 2438 homines
261 2382 367 2456 postea
391 2377 565 2440 viderentur
588 2397 702 2455 angues
725 2375 832 2450 facti.³)
876 2377 990 2439 Scaena
1013 2384 1080 2438 acta
1103 2379 1223 2440 videtur

99 2487 171 2542 ante
194 2480 336 2559 templum
353 2481 499 2559 Apollinis
515 2481 710 2559 Thymbraei,
733 2482 797 2541 eius
821 2482 898 2540 enim
922 2482 1064 2542 sacerdos
1084 2483 1222 2558 primitus

100 2584 240 2644 Laocoon
264 2582 328 2643 luit.
373 2585 477 2660 ltaque
500 2583 576 2644 duos
598 2601 710 2662 pueros
733 2583 878 2660 prodiisse
900 2584 1066 2660 putandum
1089 2587 1143 2655 est,
1166 2585 1222 2645 uisi

99 2686 176 2746 forte
193 2685 366 2764 Sophocles,
388 2685 419 2744 id
442 2687 523 2762 quod
547 2687 667 2764 saepius
691 2684 769 2764 fecit,
791 2687 858 2746 illos
882 2704 991 2762 pueros
1007 2690 1104 2746 aetate
1120 2687 1223 2765 paullo

100 2789 225 2849 maiores
248 2786 344 2859 fiuxit,
377 2788 417 2848 ita
440 2792 472 2847 ut
497 2806 557 2848 non
581 2809 598 2848 a
622 2789 701 2848 veris
726 2788 842 2865 pueris,
872 2788 924 2848 sed
949 2788 986 2849 ab
1010 2787 1119 2848 adultis
1141 2794 1223 2848 acto·

99 2891 183 2950 ribus
216 2908 320 2950 eorum
356 2894 456 2968 partes
489 2891 723 2968 susciperentur.
778 2889 836 2951 Sed
871 2908 918 2950 res
956 2909 1014 2950 non
1049 2893 1149 2966 potest
1182 2889 1223 2949 di·

102 2991 236 3052 iudicari.

188 3096 222 3154 ln
247 3093 403 3171 Sophoclis
426 3086 558 3170 capillis
581 3087 853 3172 (Αἰχμαλωτὶδες)
876 3094 1070 3170 Astyanactis
1099 3099 1222 3155 mortem

102 3215 273 3274 expressam
296 3197 387 3257 luisse
410 3201 492 3258 recte
516 3198 590 3257 vidit
613 3196 797 3257 Welclserus.
842 3196 985 3270 Quamvis
1008 3201 1109 3256 autem
1133 3197 1225 3256 mulia

99 3300 230 3360 frustula
261 3304 391 3371 exstent,
425 3306 522 3360 tamen
555 3300 592 3360 de
624 3317 786 3378 progressu
809 3299 927 3360 fabulae
950 3317 1046 3376 pauca
1069 3304 1225 3377 apparent.

99 3400 180 3463 Scite
204 3420 300 3480 nuper
323 3403 361 3462 hl.
378 3404 517 3479 Mayerus
526 3401 550 3475 ⁴)
573 3403 610 3462 de
626 3401 813 3480 Sophocleae
830 3401 1022 3478 captivarum
1046 3408 1223 3477 argumento

101 3505 276 3583 disputavit,
297 3501 448 3565 decianae
471 3504 590 3565 tabulae
613 3504 782 3582 fragmenta
805 3509 835 3565 et
856 3505 1047 3581 hypothesim
1070 3502 1166 3577 (Serv.
1185 3504 1224 3563 ad

100 3608 175 3668 Aen.
199 3608 252 3684 ΙΙΙ,
273 3601 348 3684 489)
380 3609 596 3685 circumspecte
625 3607 779 3667 adhibens.
823 3610 929 3683 ltaque
961 3612 1074 3667 tantum
1102 3607 1224 3667 scimus:

101 3710 195 3770 duces
225 3709 408 3771 Achivorum
449 3711 627 3787 Calchante,
665 3715 698 3770 ut
732 3710 865 3786 videtur,
903 3709 1047 3769 suadente
1083 3702 1225 3788 (ingildi)

100 3815 314 3889 Astyanactem
347 3814 576 3873 interimendum
605 3814 808 3885 constituisse3
842 3831 968 3890 puerum
992 3831 1063 3872 vero
1091 3817 1225 3872 amatre

99 3915 308 3976 absconditum
332 3916 369 3975 ab
392 3917 481 3976 Ulixe
504 3914 629 3989 (Prool.)
660 3921 810 3994 repertum
842 3919 936 3975 morte
966 3916 1120 3975 multatum
1152 3932 1225 3975 esse.

189 4098 209 4163 ¹)
227 4096 310 4152 Arch.
326 4096 418 4151 Jahrb.
434 4101 506 4164 luco,
524 4112 551 4165 p.
564 4101 620 4151 171.

188 4183 210 4251 ²)
228 4181 291 4235 Bild
310 4181 365 4236 und
384 4182 460 4250 Lied,
479 4198 504 4249 p.
518 4185 637 4250 192sqq.

188 4270 211 4335 ⁸)
229 4267 372 4322 Conclusit
389 4266 442 4321 hoc
459 4267 601 4322 Roberttrs
619 4267 792 4336 potissimum
811 4282 846 4320 ex
864 4266 949 4321 schol.
963 4265 1098 4335 Lycophr.
1112 4270 1169 4319 347.

189 4354 211 4424 ⁴)
229 4354 264 4408 M.
279 4354 380 4422 Meyer,
400 4353 435 4409 de
455 4353 592 4422 Euripidis
611 4353 791 4422 mythopoeia
809 4352 899 4422 capita
917 4351 987 4420 duo;
1006 4351 1114 4406 dissert.
1134 4352 1224 4422 inaug.

104 4438 195 4495 Berol.
211 4443 283 4507 188³,
301 4455 328 4511 p.
339 4443 370 4492 52
381 4455 423 4511 sq.
