3104 5198
1183 475 1244 531 263

123 640 280 718 Hippolyti
311 641 413 702 fabula
443 646 696 719 repraesentatur,
729 642 798 711 duo,
833 643 862 701 in
894 643 1003 719 quibus
1025 660 1074 701 res
1096 642 1244 717 quaedam

123 741 209 804 lictae
240 748 317 815 sunt,
353 763 430 820 qnae
460 744 526 803 alibi
559 763 704 822 nusquam
736 748 908 804 occurrunt.
952 743 1047 803 Ambo
1078 750 1176 804 autem
1208 742 1245 801 ad

125 844 201 905 idem
243 848 397 924 exemplar
435 846 571 907 redeunt.
622 850 722 924 Atque
752 846 888 907 videmus
918 849 947 907 in
978 852 1110 906 extrema
1140 845 1247 905 dextra

123 947 255 1024 imagine
287 949 317 1008 in
353 950 428 1009 sella
462 950 556 1010 virum
590 950 745 1010 barbatum
779 949 947 1026 sedentem,
983 951 1034 1026 qui
1069 949 1175 1008 dextra
1206 947 1245 1007 ad

126 1056 256 1110 mentum
281 1050 400 1112 admota
422 1058 565 1112 terrorem
589 1053 757 1129 exprimere
779 1051 897 1112 videtur
920 1053 957 1111 de
980 1054 1015 1111 iis
1038 1052 1139 1126 rebus,
1172 1068 1248 1128 quas

126 1154 252 1225 iuvenis,
276 1155 325 1231 qni
350 1161 420 1215 ante
443 1174 510 1214 eum
533 1160 600 1229 stat,
622 1155 648 1215 ei
672 1160 783 1215 narrat.
817 1156 882 1214 Hac
899 1172 1008 1214 scaena
1025 1154 1246 1231 repraesentari

126 1255 275 1315 Theseum
300 1257 337 1316 de
359 1258 517 1334 Hippolyti
549 1263 644 1317 morte
673 1260 807 1317 nuntium
831 1258 1026 1335 accipientem
1050 1262 1132 1316 reete
1154 1254 1247 1315 Kark-

126 1376 254 1418 mannus
277 1361 439 1420 constituit.
482 1361 522 1420 At
545 1380 563 1420 a
587 1361 673 1420 laeva
695 1361 779 1420 iuxta
806 1360 883 1419 hanc
906 1379 1043 1419 scaenam
1067 1377 1160 1419 senex
1182 1358 1247 1418 har·

127 1459 213 1521 batus
243 1462 428 1538 conspicitur
459 1482 490 1523 se
521 1463 559 1522 ad
582 1462 720 1523 seminam
745 1463 932 1523 dextrorsum
957 1467 1150 1538 convertens,
1181 1479 1247 1520 cum

128 1582 189 1640 qua
210 1566 319 1624 aeriter
342 1565 469 1642 loquens
492 1570 524 1625 ut
546 1565 596 1625 illa
619 1567 648 1626 in
673 1565 807 1625 dextram
830 1565 1031 1642 progreditur.
1074 1565 1129 1623 llla
1148 1568 1250 1641 portat

128 1666 251 1726 sinistra
285 1686 425 1744 puerum,
463 1668 514 1744 qui
548 1668 683 1728 dextram
717 1668 754 1727 ad
789 1667 916 1728 feminae
951 1673 1080 1727 mentum
1116 1666 1250 1744 porrigit,

127 1769 249 1829 sinistra
282 1769 411 1830 fructum
446 1776 528 1830 tenet
561 1770 604 1844 (in
636 1770 730 1830 altero
761 1771 879 1847 quidem
910 1767 1121 1847 sarcophago).
1165 1770 1249 1843 Quas

129 1870 204 1930 duas
234 1871 346 1949 figuras
376 1874 416 1932 ita
447 1872 657 1932 Kalkmannus
680 1874 903 1950 interpretatur,
934 1878 967 1932 ul
988 1890 1104 1933 servam
1129 1888 1252 1949 reprae-

128 1976 240 2034 sentari
265 1975 353 2052 dicat,
375 1994 453 2050 quae
475 1976 512 2035 ad
536 1977 684 2036 Theseum
709 1975 851 2036 festinans
876 1977 1011 2035 nuntium
1035 1974 1072 2036 de
1096 1973 1250 2033 Phaedrae

129 2082 225 2136 morte
254 2078 384 2138 allatura
407 2080 456 2138 sit.
499 2080 606 2141 Senem
630 2098 696 2139 esse
719 2079 940 2156 paedagogum,
968 2079 1077 2138 domini
1100 2078 1143 2137 sui
1168 2078 1251 2136 inno·

130 2181 257 2239 centiam
282 2185 403 2241 strenue
420 2186 525 2241 contra
540 2200 657 2241 servam
674 2182 894 2242 defendentem.
928 2182 1024 2255 Quam
1041 2181 1253 2251 coniecturam,

132 2284 270 2359 quamvis
299 2289 456 2360 praeterea
486 2285 647 2361 probabilis
670 2284 817 2356 videatur,
848 2290 1009 2361 propterea
1032 2284 1167 2360 accipere
1191 2301 1252 2342 non

130 2402 262 2461 possum,
283 2386 352 2461 qnia
374 2386 460 2446 aliam
484 2385 605 2446 fabulae
634 2388 758 2447 actionis
785 2386 943 2462 imaginem
967 2386 1036 2444 mihi
1060 2384 1253 2444 conformavi.

132 2487 204 2548 (lum
229 2490 306 2548 enim
330 2490 360 2548 in
384 2488 441 2548 hoc
464 2490 519 2548 viri
550 2488 630 2549 docti
660 2491 855 2564 consentiant,
884 2490 914 2548 in
938 2489 1038 2565 priore
1062 2487 1163 2547 fabula
1186 2492 1254 2564 post

133 2590 289 2668 Hippolyti
323 2590 439 2651 demum
471 2598 594 2652 mortem
619 2592 784 2651 Phaedram
813 2609 919 2651 manus
945 2592 1001 2651 sibl
1024 2591 1167 2666 intulisse,
1197 2606 1254 2665 ego

133 2710 197 2752 eam
215 2711 273 2752 nou
292 2698 362 2752 ante
375 2693 490 2770 culpam
504 2713 587 2754 suam
604 2695 751 2754 detectam
768 2698 889 2754 mortem
907 2693 1079 2753 decrevisse
1095 2688 1254 2762 conicio:¹)

133 2796 174 2855 ita
205 2798 282 2857 euim
313 2799 377 2858 eius
407 2817 505 2859 mores
534 2798 669 2876 depictos
697 2797 788 2858 luisse
811 2800 929 2874 scimus,
959 2803 1074 2857 utnon
1098 2794 1255 2867 honestati,

134 2900 188 2960 sed
212 2902 263 2959 uni
286 2903 455 2962 necessitati
481 2902 615 2963 cederet:
638 2902 674 2962 cf.
699 2901 842 2977 frg.433:

288 3010 390 3099 ἔγωγε
413 3017 494 3102 φημὶ
518 3017 574 3080 καὶ
598 3012 705 3100 νόμον
728 3039 764 3100 γε
785 3009 829 3102 μὴ
852 3015 960 3094 σέβειν

289 3114 326 3181 ἐν
348 3131 434 3182 τοῖσι
456 3119 577 3194 δεινοῖς
599 3121 671 3183 τῶν
694 3110 888 3201 ἀναγκαίων
909 3116 1026 3180 πλέον.

136 3265 270 3326 Eandem
303 3265 421 3325 fabulae
452 3264 575 3324 formam
608 3264 758 3339 respicere
789 3261 908 3320 videtur
935 3259 1027 3319 schol.
1048 3256 1257 3334 nonaum,

137 3370 184 3428 cni
200 3367 389 3445 Asclepiadis
411 3386 518 3427 nomeu
542 3366 740 3441 subscriptum
765 3369 823 3424 est:
845 3349 908 3444 τὴν
931 3356 967 3420 δὲ·
984 3355 1135 3437 Φαίδραν
1157 3376 1257 3434 φανε-

137 3471 197 3552 ρᾶς
219 3467 398 3551 γενομένης
420 3466 477 3551 τῆς
501 3463 658 3548 διαβολῆς
687 3453 901 3543 ἀπάγξασθαι
929 3464 982 3538 (sc.
1005 3448 1258 3541 ripole-sodocl,²)

138 3596 308 3655 quanquam
340 3574 549 3637 Kalkmannns
578 3572 649 3646 (lc.
672 3591 699 3648 p.
715 3568 825 3641 49l50)
860 3575 950 3645 negat
981 3569 1039 3628 lale
1072 3566 1145 3644 quid
1178 3565 1258 3642 apud

138 3680 311 3756 Euripidem
344 3679 518 3752 occurrisse,
551 3694 617 3735 cnm
647 3678 798 3733 asseveret
827 3673 957 3749 priorem
981 3670 1146 3729 Phaedram
1170 3672 1260 3727 antea

140 3787 285 3843 mortuam
316 3799 391 3855 esse,
421 3799 511 3857 quam
535 3779 632 3838 Diana
659 3778 769 3836 crimen
797 3774 955 3834 revelaret
998 3771 1057 3833 Sed
1082 3772 1156 3832 haec
1178 3788 1261 3829 mera

140 3886 314 3945 coniectura
344 3889 403 3959 est,
437 3884 524 3942 etiam
555 3881 584 3939 in
608 3880 715 3939 Velato
745 3896 799 3953 per
829 3878 954 3937 Dianam
984 3893 1083 3934 rerum
1114 3888 1259 3932 conexum

140 3985 321 4063 patefactum
345 4002 426 4060 esse;
450 3981 616 4042 cavendnm
640 3985 738 4041 autem
762 3984 815 4049 est,
841 3997 879 4038 nc
902 3977 1091 4053 opinionibus
1107 3993 1143 4034 ex
1159 3992 1261 4051 super·

228 4205 248 4269 ¹)
266 4199 393 4254 Similiter
411 4197 526 4253 Weiliuu
545 4196 655 4263 iudicat,
673 4196 742 4262 Sept
759 4193 900 4263 tragedias
919 4190 1085 4259 &Euripide
1104 4205 1131 4258 p.
1140 4190 1193 4258 lle.

226 4288 249 4353 ²)
267 4284 343 4340 Idem
363 4290 472 4337 namant
489 4281 583 4351 Apoll.
601 4280 665 4335 bibl.
684 4279 822 4347 epit.Vat.
841 4282 870 4332 ot
888 4275 1011 4332 Sahhait.
1024 4279 1047 4342 1,
1060 4280 1089 4329 le
1100 4289 1169 4342 sqq,
1193 4286 1261 4341 quaa

140 4371 267 4426 Velatum
286 4370 437 4438 exprimere
456 4367 501 4423 vol
518 4366 581 4421 inde
594 4371 679 4435 patet,
698 4365 773 4434 quod
786 4362 936 4418 Phaedram
948 4361 1035 4430 ipsam
1048 4374 1138 4414 coram
1150 4356 1262 4412 'Pheneo

140 4454 323 4526 Hlppolytum
341 4452 551 4508 calumnlnntem
569 4451 682 4506 laelnnt.
