3104 5198
328 402 389 460 288

412 571 473 629 Iam
498 570 633 632 videmus
656 573 752 648 prima
774 576 872 634 aetate
888 571 1011 633 totidem
1035 578 1108 650 quot
1131 573 1264 635 secunda
1286 592 1398 651 pueros
1421 575 1452 633 in

328 691 466 734 scaenam
484 673 641 752 prodiisse,
660 675 763 734 ultima
779 693 852 736 vero
868 675 1073 752 paucissimos.
1096 676 1278 750 Quinetiam
1296 679 1452 753 Astyanax

326 776 478 837 Troadum
503 777 553 836 rix
577 778 602 836 ei
626 778 716 837 aetati
739 778 945 852 ascribendus,
968 797 1034 838 cum
1058 779 1087 838 in
1110 778 1177 855 ipso
1200 778 1321 840 ultimas
1345 778 1453 838 aetatis

326 877 425 939 limine
442 885 588 955 occurrat,
603 881 645 940 ita
661 886 694 940 nt
709 886 777 958 post
792 899 902 940 annum
918 884 980 941 415
998 899 1088 941 unum
1106 880 1268 942 habeamus
1283 881 1453 957 Polyidum,

325 982 410 1041 cuius
438 982 556 1058 quidem
588 989 688 1059 partes
718 1001 791 1044 sanc
822 984 976 1043 obscurae.
1027 983 1126 1058 Quid?
1157 1002 1256 1045 nonne
1285 984 1356 1044 solis
1385 983 1453 1042 lnce

325 1083 434 1144 clarius
450 1090 578 1161 apparet
591 1084 736 1146 artlicinm
753 1104 865 1163 pueros
880 1085 1051 1164 inducendi,
1071 1087 1209 1164 quamvis
1225 1088 1291 1147 olim
1313 1086 1454 1163 viguerit,

325 1190 393 1264 post
422 1185 496 1246 illnd
526 1192 644 1264 tempus
667 1188 755 1264 plane
778 1193 910 1265 spretum
935 1193 1025 1265 atque
1049 1188 1217 1266 neglectum
1241 1187 1355 1248 inisse?
1400 1187 1453 1246 Ni·

325 1291 431 1350 mirnm
463 1309 516 1350 cac
539 1290 667 1363 fabulae,
697 1291 726 1351 in
750 1293 859 1369 quibus
882 1310 993 1369 pucros
1016 1293 1184 1352 simulacris
1207 1294 1452 1369 repraesentatos

324 1411 390 1454 esse
413 1392 630 1466 demonstrari,
653 1393 691 1453 ad
714 1394 794 1454 hanc
817 1394 1020 1471 quaestionem
1043 1412 1102 1454 nou
1125 1395 1285 1471 pertinent,
1308 1394 1451 1470 quoniam

324 1495 360 1554 de
395 1495 475 1554 veris
508 1498 623 1555 tantum
654 1495 754 1573 pueris
785 1496 915 1556 inductis
944 1498 1051 1573 agitur.
1106 1496 1222 1557 Tamen
1253 1514 1304 1557 eas
1334 1495 1452 1555 labulas

324 1595 367 1670 (in
384 1599 495 1674 qnibns
510 1597 639 1659 infantes
660 1596 879 1675 apparuerunt)
895 1599 1045 1660 asteriscis
1060 1600 1187 1676 signavi,
1209 1603 1314 1660 contra
1335 1615 1398 1673 eas,
1420 1597 1451 1655 in

326 1700 434 1776 quibus
458 1702 542 1777 pueri
566 1701 693 1761 maiores
709 1702 773 1761 sive
789 1700 895 1778 ephebi
912 1700 1096 1777 prodierunt,
1119 1703 1171 1778 qui
1193 1701 1231 1760 ab
1254 1698 1452 1761 histrionibus

325 1802 508 1877 agebantur,
538 1803 677 1863 crncibns
699 1804 839 1881 appictis:
872 1805 928 1864 iam
952 1808 1036 1881 patet
1057 1805 1138 1864 illum
1169 1822 1279 1865 morem
1317 1801 1453 1862 infantes

322 1904 483 1965 inducendi
526 1905 652 1965 maxime
687 1907 781 1982 prima
813 1910 924 1980 aetate,
967 1908 1046 1966 huuc
1080 1907 1212 1982 ephebos
1241 1906 1272 1965 in
1307 1922 1450 1966 scaenam

323 2006 508 2083 provocandi
532 2006 629 2068 media
651 2012 682 2067 et
704 2007 805 2069 ultima
828 2014 926 2069 aetate
950 2008 1090 2086 riguisse.

407 2110 471 2169 lam
500 2116 534 2169 ut
561 2111 731 2171 accuratius
762 2111 799 2170 de
828 2111 908 2170 illius
938 2113 1026 2172 moris
1064 2111 1178 2188 origine
1213 2130 1249 2171 ac
1280 2127 1450 2187 progressu

322 2230 515 2288 quaeramus,
546 2211 633 2284 hacc,
663 2230 740 2289 quac
772 2231 808 2273 ex
831 2213 936 2273 tabnla
959 2232 1017 2274 non
1042 2217 1277 2290 cognoscuntur,
1308 2208 1452 2270 addenda

322 2319 404 2374 sunt:
438 2313 468 2374 si
502 2315 694 2375 coniecturae
729 2332 791 2389 eae,
824 2332 900 2391 quas
931 2314 968 2375 de
989 2315 1152 2391 Thyestae,
1183 2315 1294 2386 Inonis,
1327 2311 1452 2388 Thesei,

323 2416 479 2492 Hippolyti
495 2435 513 2475 a
528 2417 714 2493 temporibus
737 2421 947 2491 statueramus,
969 2418 1023 2477 sibi
1047 2421 1194 2493 constant,
1215 2416 1287 2477 satis
1310 2413 1451 2492 angustis

324 2519 466 2594 temporis
497 2517 605 2580 linibus
635 2520 704 2579 illae
734 2521 847 2596 primae
881 2520 988 2580 aetatis
1021 2517 1154 2596 fabulae,
1187 2537 1265 2595 quac
1299 2516 1452 2593 praebant

324 2638 483 2698 puerorum
507 2629 619 2698 partes,
642 2621 853 2699 includuntur,
875 2622 917 2681 ita
930 2624 964 2682 nt
977 2621 1029 2681 illo
1044 2627 1178 2698 tempore
1200 2619 1247 2693 (ca
1262 2613 1450 2688 438-430)

322 2722 466 2799 plurimos
496 2742 607 2799 pueros
636 2722 730 2800 (apud
754 2723 964 2800 Euripidem
987 2720 1120 2801 quidem]
1151 2724 1180 2783 in
1211 2739 1349 2782 scaenam
1379 2738 1451 2796 pro·

323 2824 414 2885 diissc
445 2825 669 2886 concedendum
692 2825 738 2886 sit.
783 2826 841 2888 Sed
865 2845 925 2886 non
948 2827 1043 2886 solum
1066 2825 1200 2903 plurimi,
1230 2842 1333 2885 verum
1358 2823 1450 2882 etiam

321 2927 480 3004 plorimnm
505 2933 656 3006 agentes
679 2929 763 3006 pueri
780 2934 841 2989 tum
857 2932 1027 2989 occurrunt.
1070 2929 1222 2988 Habemus
1246 2929 1324 3015 enim
1341 2945 1367 2985 a.
1383 2928 1450 2986 438

320 3027 364 3102 (in
376 3028 539 3103 Alcestide)
563 3049 689 3107 puerum
712 3036 878 3109 canentem,
901 3033 984 3092 brevi
1006 3036 1075 3108 post
1096 3032 1125 3091 in
1140 3030 1259 3092 Theseo
1283 3047 1449 3108 puerorum

322 3132 444 3192 obornm
460 3138 627 3210 canentem,
648 3138 806 3211 praeterea
820 3136 849 3194 in
865 3137 1000 3212 Thyesta
1015 3153 1125 3212 pueros
1141 3153 1158 3195 a
1174 3138 1259 3211 patre
1283 3134 1321 3194 ad
1345 3133 1450 3194 dolum

321 3234 536 3312 perficiendum
561 3236 711 3296 adhibitos
735 3253 801 3296 esse
823 3237 1028 3313 probavimus,
1058 3238 1114 3297 iam
1137 3255 1216 3297 anuo
1239 3239 1301 3298 431
1325 3239 1452 3313 postam

320 3338 349 3397 in
381 3337 489 3398 Medea
517 3339 620 3414 pneris
656 3357 729 3399 sane
761 3340 853 3400 mnlta
882 3358 917 3399 ac
947 3339 1081 3400 dilficilia
1113 3340 1233 3417 agenda
1269 3338 1453 3416 imposuisse

321 3439 462 3516 vidimus,
493 3441 622 3517 deniqne
650 3441 753 3501 codem
784 3441 847 3502 lere
869 3446 1002 3519 tempore
1024 3461 1133 3519 graves
1154 3459 1226 3502 sane
1249 3440 1452 3517 difficilesque

321 3543 442 3602 Molossi
463 3562 492 3620 q.
509 3562 536 3602 r.
559 3548 661 3621 partes
684 3550 854 3605 occurrunt
897 3545 955 3606 Sed
971 3544 1172 3623 Sophocles
1196 3564 1317 3623 qnoque
1340 3543 1450 3604 eodem

320 3646 462 3721 temporis
493 3647 589 3721 spatio
619 3646 706 3706 simili
729 3647 826 3708 studio
848 3665 958 3723 pueros
986 3647 1157 3709 adhibuisse
1179 3648 1313 3708 videtur:
1345 3647 1451 3707 confe-

320 3752 427 3807 rantur
442 3749 605 3824 Enrysacis
621 3749 651 3808 in
667 3749 758 3809 Aiace
774 3757 804 3808 et
818 3767 979 3827 puerorum
996 3750 1026 3808 in
1042 3750 1157 3828 Oedipo
1179 3755 1290 3826 partes.
1335 3751 1451 3809 Postea

320 3850 466 3922 (secunda
489 3850 643 3926 Euripidis
667 3854 775 3921 aetate)
805 3868 964 3927 puerorum
994 3857 1096 3930 partes
1126 3854 1167 3912 ita
1189 3856 1383 3925 coercentur,
1416 3857 1452 3911 nt

319 3952 420 4013 adsint
439 3952 559 4029 quidem
575 3953 605 4012 iu
622 3970 740 4031 scaena,
763 3953 816 4013 sed
831 3972 891 4013 uon
907 3954 1030 4015 multnm
1047 3959 1147 4032 agant,
1169 3955 1303 4032 exceptis
1327 3953 1452 4031 Suppli·

319 4055 414 4132 cibus,
436 4055 466 4115 in
483 4072 545 4132 qna
559 4055 647 4131 puori
670 4074 730 4115 non
750 4056 845 4116 solum
869 4059 989 4116 strenue
1013 4062 1114 4133 agunt,
1137 4056 1189 4117 scd
1213 4057 1300 4117 etiam
1324 4063 1452 4116 canunt

319 4151 409 4230 Quod
430 4175 490 4217 nou
516 4157 679 4230 miraberis,
700 4157 813 4218 simodo
829 4156 1001 4234 Euripidem
1025 4177 1060 4219 ea
1082 4158 1191 4235 fabula,
1212 4177 1272 4236 qna
1294 4164 1450 4219 recentem

318 4278 425 4338 pacem
449 4260 625 4337 celebraret,
656 4277 744 4337 qnam
775 4260 1047 4336 splendidissimum
1070 4262 1273 4337 spectaculum
1298 4262 1451 4336 praebere

320 4362 450 4422 voluisse
497 4360 694 4439 reputaveris.
763 4362 905 4423 Extrema
948 4362 1078 4440 deniqne
1121 4367 1219 4424 aetate
1263 4363 1351 4440 pueri
1398 4362 1451 4422 vel
