3104 5198
1272 412 1332 469 247

214 582 526 658 praeterquamquod
551 583 591 641 illi
616 581 701 641 etiam
727 578 883 657 Sophoclis
905 600 1013 640 nomen
1038 586 1142 659 aperte
1165 581 1333 657 appositum

212 691 272 743 eut:
310 685 402 744 schol.
432 686 502 744 Eur.
530 684 580 745 Or.
603 689 665 746 812
689 685 734 744 Gn
756 687 777 743 l.
800 684 974 761 (Postquam
1008 685 1099 745 Atreo
1133 704 1150 743 a
1186 684 1334 744 Mercurio

215 806 325 863 agnum
358 806 480 847 aureum
511 789 630 847 missum
663 805 729 846 esse
760 793 912 846 narratum
936 792 996 857 est,
1024 787 1066 846 sic
1089 788 1251 863 pergitur:)
1279 780 1334 843 καὶ

212 885 396 966 μέλλοντος
415 876 552 968 Ἀτρέως
574 885 676 964 δεῖξαι
699 878 739 948 cd
759 884 856 967 τέρας
876 896 947 960 τοῖς
964 883 1133 960 δικασταῖς
1148 882 1203 947 καὶ
1221 886 1335 961 λαβεῖν

211 983 273 1071 τὴν
305 978 416 1070 ἀρχὴν,
445 976 599 1071 Ἀερόπη,
622 975 642 1068 ἡ
666 980 794 1050 τούτου
824 981 923 1071 γονή,
952 985 1173 1069 μοιχευομένη
1199 984 1335 1066 θνέστη,

211 1092 260 1171 τῷ
276 1079 507 1171 α’νδραδέληῳ,
529 1089 682 1168 κλέψασα
696 1091 800 1152 τοῦτο
817 1088 1016 1170 παρέδωκεν
1036 1078 1138 1171 αὐτῷ.
1188 1088 1335 1172 Θυέστης

213 1190 247 1252 δὲ
272 1185 386 1268 λαβών
412 1193 518 1255 τοῦτο
542 1191 597 1253 καὶ
621 1188 728 1271 δείξας
751 1204 822 1267 τοῖς
844 1191 1017 1267 δικασταῖς
1039 1194 1097 1276 τῆς
1119 1182 1220 1276 ἀρχῆς
1242 1183 1335 1275 ἐκρά-

212 1310 297 1377 τησε.
328 1289 372 1376 μὴ
398 1283 622 1376 ἀνασχόμενος
644 1286 707 1358 οὖν
724 1284 853 1376 Άτρεές
875 1289 937 1380 τὴν
959 1286 1135 1376 συμφορὰν
1150 1294 1207 1357 καὶ
1223 1293 1335 1376 δυσχε-

213 1397 358 1478 ραένιον,
396 1386 448 1460 ὅτι
482 1389 606 1472 ἀδίκοις
639 1393 810 1480 ἐστέρηται
843 1399 902 1482 τῆς
936 1386 1050 1482 ἀρχῆς,
1086 1385 1172 1478 ὁμοῦ
1205 1419 1241 1459 τε
1273 1390 1335 1482 τὴν

216 1511 357 1581 γυναῖκα
373 1490 532 1583 Ἀερόπην
548 1511 739 1582 τιμωρεῖται
755 1490 828 1564 κατ’
852 1491 963 1582 ἄμφω,
986 1499 1042 1563 καὶ
1065 1491 1119 1564 ὅτι
1142 1494 1332 1583 ἐμοιχεύετο

217 1602 345 1683 Θυέστῃ
367 1602 420 1665 καὶ
446 1594 499 1666 δτι
521 1602 664 1682 κέκλοφε
684 1598 724 1666 τό
741 1592 859 1682 δρνέον
874 1602 931 1665 καὶ
948 1601 1094 1666 δέδωκεν
1110 1593 1211 1686 αὐτῷ,
1234 1599 1335 1686 ῥίψας

212 1695 321 1786 αὐτὴν
354 1703 400 1781 εἰς
428 1698 491 1791 την
523 1701 706 1785 θάλατταν,
716 1709 737 1781 ¹)
768 1695 813 1780 ὥς
844 1722 923 1789 φησι
946 1708 1139 1792 Σοφοκλῆς,
1167 1706 1224 1769 καὶ
1255 1697 1336 1780 τούς

212 1818 299 1887 τρεῖς
328 1801 423 1882 υἱούς
453 1810 517 1872 τοῦ
542 1807 708 1886 θνέστου,
732 1798 870 1891 Άγλαόν
899 1798 1093 1895 Ὀρχομενὸν
1121 1808 1178 1871 καὶ
1202 1803 1335 1872 Κάλιον

213 1901 414 1983 α’ποκτελνας
441 1909 636 1995 παρέθηκεν
666 1908 711 1985 εἰς
741 1902 910 1992 τράπεζαν
940 1911 989 1992 τῷ
1020 1908 1123 1992 πατρὶ
1147 1909 1202 1973 καὶ
1225 1901 1335 1974 αὐτὸν

217 2004 359 2094 ὕστερον
381 2003 576 2077 ἀπέκτεινεν
589 2062 595 2078 .
608 2003 649 2077 δι’
666 2003 721 2077 dd
743 2003 837 2097 ἥλιος
859 2007 902 2095 μὴ
925 2012 1061 2094 στέρξας
1077 2008 1116 2075 τὸ
1131 2009 1333 2096 παράνομον

213 2114 292 2195 μίαν
311 2103 437 2200 ἡμέραν
453 2113 491 2178 έκ
507 2116 644 2198 δυσμῶν
665 2111 751 2198 πρὸς
774 2111 819 2178 έαι
842 2111 991 2197 depraeder
1004 2165 1010 2177 .
1025 2111 1087 2178 οὐν
1110 2105 1204 2199 αὐτῷ
1228 2114 1334 2180 δὲκαὶ

216 2212 249 2278 αὶ
271 2212 426 2293 πλειάδες
448 2213 512 2301 τήν
534 2216 691 2282 ἐναντίαν
707 2207 790 2282 ὁδὸν
809 2213 974 2297 έβάδισαν.
1018 2224 1144 2283 Praeter
1160 2225 1333 2284 miraculum

213 2327 424 2401 transpositum
442 2327 499 2386 hoo
516 2345 624 2387 novum
641 2327 670 2386 in
688 2327 744 2386 hac
759 2328 931 2386 narratione
947 2316 1098 2386 cernitur:
1115 2327 1196 2403 quod
1212 2330 1334 2405 Aeropa

214 2428 241 2486 in
268 2447 346 2488 mare
374 2430 587 2508 praecipitatur
617 2428 706 2506 (quae
738 2430 856 2506 quidem
886 2435 930 2489 est
957 2429 1108 2489 sollemnis
1131 2429 1333 2490 adulterarum

214 2527 339 2605 poena),
370 2532 448 2607 quod
473 2533 622 2609 Thyestes
644 2535 708 2609 ipse
731 2551 849 2609 quoque
872 2531 1065 2597 interficitur;
1094 2551 1171 2608 quae
1195 2551 1243 2593 res
1266 2551 1334 2593 uue-

214 2652 301 2706 quam
317 2634 388 2694 alibi
406 2642 585 2694 occurrunt:
608 2637 751 2696 habemns
771 2637 863 2713 igitur
878 2654 1001 2712 prorsus
1016 2635 1197 2712 singularem
1213 2635 1335 2696 fabulae

214 2736 357 2814 sormam,
387 2756 474 2813 quam
506 2758 541 2797 ex
566 2740 665 2798 causis
688 2738 787 2799 allatis
810 2737 952 2814 Sophocli
976 2739 1107 2798 tribuere
1131 2758 1189 2799 nou
1214 2738 1334 2800 dubito:

215 2857 249 2897 ea
283 2842 380 2898 omnia
413 2841 528 2900 scelera
557 2842 732 2918 Sophoclem
768 2842 796 2900 iu
828 2843 952 2903 Atreum
986 2841 1148 2901 contulisse
1183 2842 1231 2901 vel
1264 2842 1334 2902 inde

213 2947 355 3017 apparet,
391 2943 470 3018 qnod
503 2949 607 3019 aperte
638 2945 799 3004 scholiasta
831 2943 966 3022 affirmat,
999 2951 1067 3021 post
1100 2945 1197 3005 omnia
1231 2951 1335 3006 exacta

214 3041 330 3103 demum
353 3046 444 3104 solem
461 3050 577 3123 tergum
595 3046 759 3120 venissest)
803 3049 862 3106 Iam
880 3066 933 3108 our
951 3047 1070 3119 „Atrei“
1090 3066 1196 3109 nomen
1213 3048 1335 3109 fabulae

212 3145 404 3223 imposuerit,
441 3151 669 3226 cognoscimus,
705 3150 769 3209 scil.
801 3151 871 3226 quia
910 3151 974 3210 eius
1015 3151 1197 3227 potissimum
1236 3169 1333 3212 mores

214 3248 422 3326 fortunamque
467 3251 673 3328 depingendos
718 3252 772 3312 sibi
809 3257 1025 3331 proposuerat,
1068 3271 1141 3312 sane
1181 3247 1333 3313 horridam

214 3350 387 3425 imaginem!
410 3353 485 3412 Nam
510 3354 590 3413 illum
615 3356 644 3414 iu
668 3359 730 3415 tota
752 3354 908 3431 tragoedia
931 3354 1058 3415 medinm
1083 3356 1181 3414 locum
1199 3356 1334 3416 obtinere

214 3452 363 3525 videmus,
387 3472 463 3531 cum,
485 3456 635 3533 quomodo
658 3457 854 3517 insatiabilem
880 3457 943 3517 lere
966 3475 1048 3517 suam
1073 3458 1236 3517 ulciscendi
1252 3459 1334 3536 cupi·

299 3621 320 3685 ¹)
340 3618 470 3686 Spectata
501 3619 545 3673 bio
577 3618 752 3674 scholiastsm
785 3619 868 3688 Soph.
896 3620 937 3674 Αἰ.
962 3624 1024 3674 1297
1056 3621 1143 3690 (quod
1175 3620 1333 3676 Dindorlins

213 3704 329 3772 putavit)
348 3705 394 3758 vix
412 3705 582 3772 crediderim,
601 3705 664 3774 quis
681 3704 719 3760 ibi
739 3721 795 3759 non
808 3706 843 3759 de
855 3705 952 3772 Atreo,
970 3705 1021 3761 sed
1033 3706 1068 3761 de
1080 3707 1187 3774 Catreo,
1205 3707 1334 3775 Aeropae

212 3795 297 3857 patre,
316 3806 405 3846 sermo
425 3796 476 3845 est.
512 3790 567 3846 Sed
583 3792 689 3846 etiamsi
702 3792 833 3846 erraverit
844 3791 1000 3861 scholiasta,
1017 3792 1157 3847 sufficiunt
1169 3792 1334 3861 testimonie,

214 3881 243 3928 ut
261 3875 333 3929 illam
352 3875 459 3932 fabulae
477 3875 591 3932 formam
610 3876 793 3946 Sophocleum
811 3893 875 3933 esse
893 3877 1045 3933 credamus.

297 3963 317 4028 ²)
336 3961 458 4016 Eandem
478 3963 617 4017 materiam
630 3962 795 4018 Petersenus
813 3962 918 4032 (Progr.
928 3962 1043 4030 Dorpat,
1055 3967 1128 4032 1877,
1139 3979 1165 4029 p.
1179 3966 1204 4028 s)
1223 3963 1334 4018 ascribit

213 4047 299 4100 Atreo
329 4046 488 4115 Sophoclis,
520 4062 683 4116 oppugnans
708 4047 898 4116 Weleherum,
931 4048 977 4116 qui
1001 4047 1151 4117 Thyestem
1183 4049 1216 4102 ab
1246 4049 1333 4103 Auno

212 4132 384 4188 iuterfectnm
403 4134 447 4188 alli
465 4135 624 4204 tragoediae
636 4134 830 4190 vindicaverat.
867 4135 994 4189 Ceterum
1012 4133 1059 4189 ille
1077 4132 1166 4189 fusius
1179 4134 1214 4190 de
1227 4134 1333 4189 duabus

213 4219 355 4286 Sophoclis
366 4220 498 4288 Thyestis
508 4221 638 4289 disputat,
651 4235 764 4290 quarum
777 4226 936 4289 argumenta
947 4221 974 4273 iu
985 4220 1085 4291 Hygin.
1096 4219 1150 4274 fab.
1162 4219 1333 4273 LXXXVIII

212 4305 296 4359 latere
314 4305 492 4373 probabiliter
509 4307 618 4374 conicit,
636 4307 742 4362 etiamsi
760 4306 795 4361 de
813 4306 925 4361 vasculo
944 4306 1057 4376 (Conse,
1072 4305 1201 4362 Voti-BL
1215 4305 1273 4361 Ser.
1284 4305 1333 4375 III,

211 4389 259 4459 IV,
272 4392 308 4460 2),
327 4391 403 4460 qnod
421 4407 455 4446 eo
473 4391 568 4447 referri
585 4391 654 4461 vult,
671 4391 789 4447 dubitari
806 4397 908 4463 potest.
