<?xml version="1.0" encoding="UTF-8"?>
<!DOCTYPE html PUBLIC "-//W3C//DTD XHTML 1.0 Transitional//EN"
    "http://www.w3.org/TR/xhtml1/DTD/xhtml1-transitional.dtd">
<html xmlns="http://www.w3.org/1999/xhtml" xml:lang="en" lang="en">
 <head>
  <title>
</title>
<meta http-equiv="Content-Type" content="text/html;charset=utf-8" />
  <meta name='ocr-system' content='tesseract 3.04.00' />
  <meta name='ocr-capabilities' content='ocr_page ocr_carea ocr_par ocr_line ocrx_word'/>
</head>
<body>
  <div class='ocr_page' id='page_1' title='image "./depueroruminres00haymgoog_0055.png"; bbox 0 0 3104 5198; ppageno 0'>
   <div class='ocr_carea' id='block_1_1' title="bbox 312 485 373 543">
    <p class='ocr_par' dir='ltr' id='par_1_1' title="bbox 312 485 373 543">
     <span class='ocr_line' id='line_1_1' title="bbox 312 485 373 543; baseline 0 -1"><span class='ocrx_word' id='word_1_1' title='bbox 312 485 373 543; x_wconf 84' lang='lat'><strong>264</strong></span> 
     </span>
    </p>
   </div>
   <div class='ocr_carea' id='block_1_2' title="bbox 308 651 1439 2992">
    <p class='ocr_par' dir='ltr' id='par_1_2' title="bbox 308 651 1439 2992">
     <span class='ocr_line' id='line_1_2' title="bbox 311 651 1438 732; baseline -0.004 -19"><span class='ocrx_word' id='word_1_2' title='bbox 311 655 380 714; x_wconf 88' lang='lat' dir='ltr'><strong>stite</strong></span> <span class='ocrx_word' id='word_1_3' title='bbox 409 652 512 713; x_wconf 81' lang='lat' dir='ltr'><strong>fabula</strong></span> <span class='ocrx_word' id='word_1_4' title='bbox 535 654 658 729; x_wconf 89' lang='lat' dir='ltr'><strong>sumptis</strong></span> <span class='ocrx_word' id='word_1_5' title='bbox 676 653 888 731; x_wconf 88' lang='lat' dir='ltr'><strong>praeoccupati</strong></span> <span class='ocrx_word' id='word_1_6' title='bbox 913 654 1026 713; x_wconf 86' lang='lat' dir='ltr'><strong>incerta</strong></span> <span class='ocrx_word' id='word_1_7' title='bbox 1049 672 1104 732; x_wconf 90' lang='lat' dir='ltr'><strong>pro</strong></span> <span class='ocrx_word' id='word_1_8' title='bbox 1128 653 1217 714; x_wconf 90' lang='lat' dir='ltr'><strong>certis</strong></span> <span class='ocrx_word' id='word_1_9' title='bbox 1239 651 1438 730; x_wconf 85' lang='lat' dir='ltr'><strong>accipiamus.</strong></span> 
     </span>
     <span class='ocr_line' id='line_1_3' title="bbox 311 751 1435 835; baseline -0.001 -20"><span class='ocrx_word' id='word_1_10' title='bbox 311 756 386 816; x_wconf 89' lang='lat' dir='ltr'><strong>Utut</strong></span> <span class='ocrx_word' id='word_1_11' title='bbox 408 762 505 816; x_wconf 88' lang='lat' dir='ltr'><strong>autem</strong></span> <span class='ocrx_word' id='word_1_12' title='bbox 529 756 560 815; x_wconf 93' lang='lat' dir='ltr'><strong>in</strong></span> <span class='ocrx_word' id='word_1_13' title='bbox 583 757 684 835; x_wconf 90' lang='lat' dir='ltr'><strong>priore</strong></span> <span class='ocrx_word' id='word_1_14' title='bbox 706 755 810 817; x_wconf 79' lang='lat' dir='ltr'><strong>tabule</strong></span> <span class='ocrx_word' id='word_1_15' title='bbox 831 757 989 817; x_wconf 80' lang='lat' dir='ltr'><strong>Phaedrae</strong></span> <span class='ocrx_word' id='word_1_16' title='bbox 1012 758 1101 833; x_wconf 91' lang='lat' dir='ltr'><strong>culpa</strong></span> <span class='ocrx_word' id='word_1_17' title='bbox 1124 756 1329 817; x_wconf 91' lang='lat' dir='ltr'><strong>demonstrata</strong></span> <span class='ocrx_word' id='word_1_18' title='bbox 1351 751 1435 832; x_wconf 88' lang='lat' dir='ltr'><strong>ost‚¹)</strong></span> 
     </span>
     <span class='ocr_line' id='line_1_4' title="bbox 311 857 1436 936; baseline -0.003 -18"><span class='ocrx_word' id='word_1_19' title='bbox 311 858 526 918; x_wconf 80' lang='lat' dir='ltr'><strong>dubitationem</strong></span> <span class='ocrx_word' id='word_1_20' title='bbox 550 859 587 920; x_wconf 93' lang='lat' dir='ltr'><strong>de</strong></span> <span class='ocrx_word' id='word_1_21' title='bbox 611 876 683 919; x_wconf 87' lang='lat' dir='ltr'><strong>vero</strong></span> <span class='ocrx_word' id='word_1_22' title='bbox 716 860 860 919; x_wconf 91' lang='lat' dir='ltr'><strong>malornm</strong></span> <span class='ocrx_word' id='word_1_23' title='bbox 893 864 1018 920; x_wconf 93' lang='lat' dir='ltr'><strong>auctore</strong></span> <span class='ocrx_word' id='word_1_24' title='bbox 1040 866 1109 936; x_wconf 90' lang='lat' dir='ltr'><strong>post</strong></span> <span class='ocrx_word' id='word_1_25' title='bbox 1130 857 1288 919; x_wconf 77' lang='lat' dir='ltr'><strong>Phaedrae</strong></span> <span class='ocrx_word' id='word_1_26' title='bbox 1311 863 1436 918; x_wconf 87' lang='lat' dir='ltr'><strong>mortem</strong></span> 
     </span>
     <span class='ocr_line' id='line_1_5' title="bbox 311 959 1439 1039; baseline -0.002 -18"><span class='ocrx_word' id='word_1_27' title='bbox 311 978 371 1021; x_wconf 92' lang='lat' dir='ltr'><strong>nou</strong></span> <span class='ocrx_word' id='word_1_28' title='bbox 406 962 463 1020; x_wconf 89' lang='lat' dir='ltr'><strong>iam</strong></span> <span class='ocrx_word' id='word_1_29' title='bbox 497 962 631 1021; x_wconf 85' lang='lat' dir='ltr'><strong>relictam</strong></span> <span class='ocrx_word' id='word_1_30' title='bbox 668 979 732 1021; x_wconf 87' lang='lat' dir='ltr'><strong>esse</strong></span> <span class='ocrx_word' id='word_1_31' title='bbox 766 962 814 1020; x_wconf 86' lang='lat' dir='ltr'><strong>vel</strong></span> <span class='ocrx_word' id='word_1_32' title='bbox 847 961 916 1021; x_wconf 91' lang='lat' dir='ltr'><strong>inde</strong></span> <span class='ocrx_word' id='word_1_33' title='bbox 950 962 1137 1039; x_wconf 78' lang='lat' dir='ltr'><strong>perspicitur,</strong></span> <span class='ocrx_word' id='word_1_34' title='bbox 1171 960 1252 1038; x_wconf 91' lang='lat' dir='ltr'><strong>quod</strong></span> <span class='ocrx_word' id='word_1_35' title='bbox 1286 960 1367 1020; x_wconf 90' lang='lat' dir='ltr'><strong>illam</strong></span> <span class='ocrx_word' id='word_1_36' title='bbox 1398 959 1439 1019; x_wconf 93' lang='lat' dir='ltr'><strong>de</strong></span> 
     </span>
     <span class='ocr_line' id='line_1_6' title="bbox 311 1063 1439 1141; baseline -0.002 -18"><span class='ocrx_word' id='word_1_37' title='bbox 311 1064 468 1141; x_wconf 86' lang='lat' dir='ltr'><strong>Hippolyti</strong></span> <span class='ocrx_word' id='word_1_38' title='bbox 492 1064 581 1141; x_wconf 86' lang='lat' dir='ltr'><strong>cnlpu</strong></span> <span class='ocrx_word' id='word_1_39' title='bbox 604 1063 848 1140; x_wconf 78' lang='lat' dir='ltr'><strong>disceptationem</strong></span> <span class='ocrx_word' id='word_1_40' title='bbox 878 1067 967 1141; x_wconf 87' lang='lat' dir='ltr'><strong>poeta</strong></span> <span class='ocrx_word' id='word_1_41' title='bbox 995 1070 1077 1124; x_wconf 87' lang='lat' dir='ltr'><strong>certe</strong></span> <span class='ocrx_word' id='word_1_42' title='bbox 1100 1069 1190 1125; x_wconf 87' lang='lat' dir='ltr'><strong>antea</strong></span> <span class='ocrx_word' id='word_1_43' title='bbox 1211 1067 1363 1141; x_wconf 82' lang='lat' dir='ltr'><strong>posuerat,</strong></span> <span class='ocrx_word' id='word_1_44' title='bbox 1395 1063 1439 1122; x_wconf 89' lang='lat' dir='ltr'><strong>ita</strong></span> 
     </span>
     <span class='ocr_line' id='line_1_7' title="bbox 311 1165 1436 1244; baseline 0 -19"><span class='ocrx_word' id='word_1_45' title='bbox 311 1185 426 1244; x_wconf 88' lang='lat' dir='ltr'><strong>nempe,</strong></span> <span class='ocrx_word' id='word_1_46' title='bbox 456 1171 488 1226; x_wconf 94' lang='lat' dir='ltr'><strong>nt</strong></span> <span class='ocrx_word' id='word_1_47' title='bbox 518 1170 549 1226; x_wconf 91' lang='lat' dir='ltr'><strong>et</strong></span> <span class='ocrx_word' id='word_1_48' title='bbox 571 1166 769 1244; x_wconf 79' lang='lat' dir='ltr'><strong>Hippolytum</strong></span> <span class='ocrx_word' id='word_1_49' title='bbox 792 1165 893 1242; x_wconf 86' lang='lat' dir='ltr'><strong>(quem</strong></span> <span class='ocrx_word' id='word_1_50' title='bbox 916 1167 946 1226; x_wconf 93' lang='lat' dir='ltr'><strong>in</strong></span> <span class='ocrx_word' id='word_1_51' title='bbox 969 1167 1069 1242; x_wconf 87' lang='lat' dir='ltr'><strong>priore</strong></span> <span class='ocrx_word' id='word_1_52' title='bbox 1099 1185 1221 1243; x_wconf 89' lang='lat' dir='ltr'><strong>quoqne</strong></span> <span class='ocrx_word' id='word_1_53' title='bbox 1242 1165 1344 1226; x_wconf 82' lang='lat' dir='ltr'><strong>tabula</strong></span> <span class='ocrx_word' id='word_1_54' title='bbox 1367 1184 1436 1226; x_wconf 91' lang='lat' dir='ltr'><strong>cnm</strong></span> 
     </span>
     <span class='ocr_line' id='line_1_8' title="bbox 309 1267 1435 1347; baseline -0.002 -19"><span class='ocrx_word' id='word_1_55' title='bbox 309 1268 386 1328; x_wconf 85' lang='lat' dir='ltr'><strong>irato</strong></span> <span class='ocrx_word' id='word_1_56' title='bbox 418 1274 505 1346; x_wconf 90' lang='lat' dir='ltr'><strong>patre</strong></span> <span class='ocrx_word' id='word_1_57' title='bbox 537 1286 731 1346; x_wconf 81' lang='lat' dir='ltr'><strong>congressum</strong></span> <span class='ocrx_word' id='word_1_58' title='bbox 765 1286 831 1329; x_wconf 89' lang='lat' dir='ltr'><strong>esse</strong></span> <span class='ocrx_word' id='word_1_59' title='bbox 861 1268 925 1328; x_wconf 89' lang='lat' dir='ltr'><strong>Leo</strong></span> <span class='ocrx_word' id='word_1_60' title='bbox 954 1269 1044 1329; x_wconf 88' lang='lat' dir='ltr'><strong>evicit</strong></span> <span class='ocrx_word' id='word_1_61' title='bbox 1065 1288 1094 1347; x_wconf 92' lang='lat' dir='ltr'><strong>p.</strong></span> <span class='ocrx_word' id='word_1_62' title='bbox 1107 1271 1179 1338; x_wconf 83' lang='lat'>182)</span> <span class='ocrx_word' id='word_1_63' title='bbox 1211 1273 1241 1329; x_wconf 90' lang='lat' dir='ltr'><strong>et</strong></span> <span class='ocrx_word' id='word_1_64' title='bbox 1267 1267 1435 1328; x_wconf 84' lang='lat' dir='ltr'><strong>Phaedram</strong></span> 
     </span>
     <span class='ocr_line' id='line_1_9' title="bbox 309 1369 1436 1449; baseline -0.002 -18"><span class='ocrx_word' id='word_1_65' title='bbox 309 1371 393 1449; x_wconf 88' lang='lat' dir='ltr'><strong>ipsos</strong></span> <span class='ocrx_word' id='word_1_66' title='bbox 416 1389 485 1431; x_wconf 87' lang='lat' dir='ltr'><strong>snas</strong></span> <span class='ocrx_word' id='word_1_67' title='bbox 509 1389 616 1432; x_wconf 89' lang='lat' dir='ltr'><strong>causas</strong></span> <span class='ocrx_word' id='word_1_68' title='bbox 638 1376 762 1448; x_wconf 82' lang='lat' dir='ltr'><strong>agentes</strong></span> <span class='ocrx_word' id='word_1_69' title='bbox 785 1371 950 1432; x_wconf 82' lang='lat' dir='ltr'><strong>induceret.</strong></span> <span class='ocrx_word' id='word_1_70' title='bbox 981 1372 1054 1433; x_wconf 79' lang='lat' dir='ltr'><strong>(lum</strong></span> <span class='ocrx_word' id='word_1_71' title='bbox 1079 1373 1156 1432; x_wconf 88' lang='lat' dir='ltr'><strong>euim</strong></span> <span class='ocrx_word' id='word_1_72' title='bbox 1172 1371 1229 1432; x_wconf 92' lang='lat' dir='ltr'><strong>boc</strong></span> <span class='ocrx_word' id='word_1_73' title='bbox 1243 1390 1299 1448; x_wconf 90' lang='lat' dir='ltr'><strong>per</strong></span> <span class='ocrx_word' id='word_1_74' title='bbox 1314 1369 1436 1432; x_wconf 85' lang='lat' dir='ltr'><strong>fabulae</strong></span> 
     </span>
     <span class='ocr_line' id='line_1_10' title="bbox 310 1473 1435 1549; baseline 0 -16"><span class='ocrx_word' id='word_1_75' title='bbox 310 1477 491 1534; x_wconf 80' lang='lat' dir='ltr'><strong>structuram</strong></span> <span class='ocrx_word' id='word_1_76' title='bbox 516 1473 616 1534; x_wconf 89' lang='lat' dir='ltr'><strong>datum</strong></span> <span class='ocrx_word' id='word_1_77' title='bbox 642 1474 741 1549; x_wconf 87' lang='lat' dir='ltr'><strong>fuerit,</strong></span> <span class='ocrx_word' id='word_1_78' title='bbox 772 1474 931 1547; x_wconf 81' lang='lat' dir='ltr'><strong>Theseum,</strong></span> <span class='ocrx_word' id='word_1_79' title='bbox 954 1493 1020 1533; x_wconf 93' lang='lat' dir='ltr'><strong>cum</strong></span> <span class='ocrx_word' id='word_1_80' title='bbox 1043 1474 1166 1549; x_wconf 89' lang='lat' dir='ltr'><strong>rediret,</strong></span> <span class='ocrx_word' id='word_1_81' title='bbox 1188 1493 1311 1535; x_wconf 83' lang='lat' dir='ltr'><strong>uxorem</strong></span> <span class='ocrx_word' id='word_1_82' title='bbox 1335 1474 1435 1534; x_wconf 84' lang='lat' dir='ltr'><strong>vivam</strong></span> 
     </span>
     <span class='ocr_line' id='line_1_11' title="bbox 309 1576 1436 1655; baseline -0.001 -20"><span class='ocrx_word' id='word_1_83' title='bbox 309 1577 448 1655; x_wconf 85' lang='lat' dir='ltr'><strong>privigno</strong></span> <span class='ocrx_word' id='word_1_84' title='bbox 479 1582 614 1653; x_wconf 89' lang='lat' dir='ltr'><strong>stuprum</strong></span> <span class='ocrx_word' id='word_1_85' title='bbox 643 1576 873 1654; x_wconf 85' lang='lat' dir='ltr'><strong>exprobrantem</strong></span> <span class='ocrx_word' id='word_1_86' title='bbox 896 1576 1058 1651; x_wconf 85' lang='lat' dir='ltr'><strong>offendere,</strong></span> <span class='ocrx_word' id='word_1_87' title='bbox 1089 1576 1208 1637; x_wconf 91' lang='lat' dir='ltr'><strong>minime</strong></span> <span class='ocrx_word' id='word_1_88' title='bbox 1231 1576 1311 1637; x_wconf 86' lang='lat' dir='ltr'><strong>credi</strong></span> <span class='ocrx_word' id='word_1_89' title='bbox 1334 1579 1436 1653; x_wconf 87' lang='lat' dir='ltr'><strong>potest</strong></span> 
     </span>
     <span class='ocr_line' id='line_1_12' title="bbox 308 1679 1434 1757; baseline -0.001 -18"><span class='ocrx_word' id='word_1_90' title='bbox 308 1687 427 1757; x_wconf 90' lang='lat' dir='ltr'><strong>poetam</strong></span> <span class='ocrx_word' id='word_1_91' title='bbox 451 1679 644 1756; x_wconf 87' lang='lat' dir='ltr'><strong>sophisticum</strong></span> <span class='ocrx_word' id='word_1_92' title='bbox 669 1680 756 1739; x_wconf 90' lang='lat' dir='ltr'><strong>talem</strong></span> <span class='ocrx_word' id='word_1_93' title='bbox 779 1697 916 1740; x_wconf 87' lang='lat' dir='ltr'><strong>scaenam</strong></span> <span class='ocrx_word' id='word_1_94' title='bbox 941 1679 1083 1757; x_wconf 89' lang='lat' dir='ltr'><strong>omisisse,</strong></span> <span class='ocrx_word' id='word_1_95' title='bbox 1105 1698 1166 1757; x_wconf 83' lang='lat' dir='ltr'><strong>qus</strong></span> <span class='ocrx_word' id='word_1_96' title='bbox 1189 1697 1349 1740; x_wconf 85' lang='lat' dir='ltr'><strong>novercam</strong></span> <span class='ocrx_word' id='word_1_97' title='bbox 1372 1679 1434 1757; x_wconf 92' lang='lat' dir='ltr'><strong>pri·</strong></span> 
     </span>
     <span class='ocr_line' id='line_1_13' title="bbox 310 1781 1434 1860; baseline 0.001 -20"><span class='ocrx_word' id='word_1_98' title='bbox 310 1783 492 1860; x_wconf 80' lang='lat' dir='ltr'><strong>signumque</strong></span> <span class='ocrx_word' id='word_1_99' title='bbox 516 1783 625 1842; x_wconf 88' lang='lat' dir='ltr'><strong>acriter</strong></span> <span class='ocrx_word' id='word_1_100' title='bbox 647 1787 753 1843; x_wconf 91' lang='lat' dir='ltr'><strong>contra</strong></span> <span class='ocrx_word' id='word_1_101' title='bbox 776 1800 809 1842; x_wconf 91' lang='lat' dir='ltr'><strong>se</strong></span> <span class='ocrx_word' id='word_1_102' title='bbox 832 1782 1028 1859; x_wconf 87' lang='lat' dir='ltr'><strong>disputantes,</strong></span> <span class='ocrx_word' id='word_1_103' title='bbox 1056 1783 1207 1844; x_wconf 85' lang='lat' dir='ltr'><strong>Theseum</strong></span> <span class='ocrx_word' id='word_1_104' title='bbox 1228 1781 1357 1842; x_wconf 93' lang='lat' dir='ltr'><strong>indicem</strong></span> <span class='ocrx_word' id='word_1_105' title='bbox 1381 1781 1434 1841; x_wconf 87' lang='lat' dir='ltr'><strong>ad·</strong></span> 
     </span>
     <span class='ocr_line' id='line_1_14' title="bbox 309 1883 1433 1963; baseline -0.002 -18"><span class='ocrx_word' id='word_1_106' title='bbox 309 1890 447 1960; x_wconf 89' lang='lat' dir='ltr'><strong>stantem,</strong></span> <span class='ocrx_word' id='word_1_107' title='bbox 469 1885 604 1961; x_wconf 83' lang='lat' dir='ltr'><strong>lingeret.</strong></span> <span class='ocrx_word' id='word_1_108' title='bbox 648 1887 747 1963; x_wconf 85' lang='lat' dir='ltr'><strong>lltqne</strong></span> <span class='ocrx_word' id='word_1_109' title='bbox 770 1886 850 1944; x_wconf 83' lang='lat' dir='ltr'><strong>haud</strong></span> <span class='ocrx_word' id='word_1_110' title='bbox 875 1886 936 1945; x_wconf 88' lang='lat' dir='ltr'><strong>scio</strong></span> <span class='ocrx_word' id='word_1_111' title='bbox 959 1904 997 1945; x_wconf 92' lang='lat' dir='ltr'><strong>an</strong></span> <span class='ocrx_word' id='word_1_112' title='bbox 1021 1886 1176 1946; x_wconf 86' lang='lat' dir='ltr'><strong>Plutarchi</strong></span> <span class='ocrx_word' id='word_1_113' title='bbox 1200 1885 1250 1945; x_wconf 89' lang='lat' dir='ltr'><strong>ille</strong></span> <span class='ocrx_word' id='word_1_114' title='bbox 1273 1885 1358 1946; x_wconf 89' lang='lat' dir='ltr'><strong>loeus</strong></span> <span class='ocrx_word' id='word_1_115' title='bbox 1382 1883 1433 1958; x_wconf 90' lang='lat' dir='ltr'><strong>(de</strong></span> 
     </span>
     <span class='ocr_line' id='line_1_15' title="bbox 308 1983 1433 2066; baseline -0.001 -19"><span class='ocrx_word' id='word_1_116' title='bbox 308 1988 377 2048; x_wconf 84' lang='lat' dir='ltr'><strong>sud.</strong></span> <span class='ocrx_word' id='word_1_117' title='bbox 393 1993 472 2065; x_wconf 90' lang='lat' dir='ltr'><strong>poet.</strong></span> <span class='ocrx_word' id='word_1_118' title='bbox 489 2007 512 2048; x_wconf 91' lang='lat' dir='ltr'><strong>c.</strong></span> <span class='ocrx_word' id='word_1_119' title='bbox 527 1992 554 2064; x_wconf 87' lang='lat'><strong>8,</strong></span> <span class='ocrx_word' id='word_1_120' title='bbox 578 2007 604 2064; x_wconf 91' lang='lat' dir='ltr'><strong>p.</strong></span> <span class='ocrx_word' id='word_1_121' title='bbox 618 1992 658 2050; x_wconf 83' lang='lat'><strong>28</strong></span> <span class='ocrx_word' id='word_1_122' title='bbox 672 1983 719 2066; x_wconf 75' lang='lat' dir='ltr'><strong>A.)</strong></span> <span class='ocrx_word' id='word_1_123' title='bbox 742 1989 783 2048; x_wconf 85' lang='lat' dir='ltr'><strong>ita</strong></span> <span class='ocrx_word' id='word_1_124' title='bbox 806 1988 1027 2064; x_wconf 85' lang='lat' dir='ltr'><strong>intellegendus</strong></span> <span class='ocrx_word' id='word_1_125' title='bbox 1043 1989 1091 2064; x_wconf 88' lang='lat' dir='ltr'><strong>sit,</strong></span> <span class='ocrx_word' id='word_1_126' title='bbox 1114 1993 1147 2048; x_wconf 92' lang='lat' dir='ltr'><strong>nt</strong></span> <span class='ocrx_word' id='word_1_127' title='bbox 1161 1988 1327 2048; x_wconf 85' lang='lat' dir='ltr'><strong>Phaedram</strong></span> <span class='ocrx_word' id='word_1_128' title='bbox 1344 1988 1433 2047; x_wconf 86' lang='lat' dir='ltr'><strong>etiam</strong></span> 
     </span>
     <span class='ocr_line' id='line_1_16' title="bbox 309 2087 1433 2170; baseline -0.003 -19"><span class='ocrx_word' id='word_1_129' title='bbox 309 2096 377 2168; x_wconf 90' lang='lat' dir='ltr'><strong>post</strong></span> <span class='ocrx_word' id='word_1_130' title='bbox 401 2093 549 2152; x_wconf 90' lang='lat' dir='ltr'><strong>detectum</strong></span> <span class='ocrx_word' id='word_1_131' title='bbox 573 2087 715 2170; x_wconf 82' lang='lat' dir='ltr'><strong>flagitium</strong></span> <span class='ocrx_word' id='word_1_132' title='bbox 739 2093 857 2153; x_wconf 81' lang='lat' dir='ltr'><strong>Theseo</strong></span> <span class='ocrx_word' id='word_1_133' title='bbox 881 2091 1035 2168; x_wconf 81' lang='lat' dir='ltr'><strong>perfidiam</strong></span> <span class='ocrx_word' id='word_1_134' title='bbox 1058 2093 1257 2169; x_wconf 82' lang='lat' dir='ltr'><strong>exprobrasse</strong></span> <span class='ocrx_word' id='word_1_135' title='bbox 1279 2096 1433 2170; x_wconf 89' lang='lat' dir='ltr'><strong>putemus:</strong></span> 
     </span>
     <span class='ocr_line' id='line_1_17' title="bbox 309 2177 1433 2276; baseline -0.002 -24"><span class='ocrx_word' id='word_1_136' title='bbox 309 2189 365 2253; x_wconf 84' lang='grc' dir='ltr'><strong>καὶ</strong></span> <span class='ocrx_word' id='word_1_137' title='bbox 395 2183 414 2254; x_wconf 82' lang='grc' dir='ltr'><strong>ὁ</strong></span> <span class='ocrx_word' id='word_1_138' title='bbox 442 2185 608 2274; x_wconf 83' lang='grc' dir='ltr'><em>σύσκηνος</em></span> <span class='ocrx_word' id='word_1_139' title='bbox 638 2181 744 2255; x_wconf 76' lang='grc' dir='ltr'><em>αὐτοῦ</em></span> <span class='ocrx_word' id='word_1_140' title='bbox 767 2193 947 2273; x_wconf 84' lang='lat' dir='ltr'><strong>(Sophoclis)</strong></span> <span class='ocrx_word' id='word_1_141' title='bbox 978 2185 1082 2254; x_wconf 81' lang='grc' dir='ltr'><em>πάλιν</em></span> <span class='ocrx_word' id='word_1_142' title='bbox 1111 2177 1193 2276; x_wconf 77' lang='grc' dir='ltr'><em>ὁρᾷς</em></span> <span class='ocrx_word' id='word_1_143' title='bbox 1223 2178 1275 2254; x_wconf 80' lang='grc' dir='ltr'><strong>ὅτι</strong></span> <span class='ocrx_word' id='word_1_144' title='bbox 1304 2184 1368 2271; x_wconf 83' lang='grc' dir='ltr'><strong>τήν</strong></span> <span class='ocrx_word' id='word_1_145' title='bbox 1395 2208 1433 2250; x_wconf 86' lang='grc' dir='ltr'><strong>τε</strong></span> 
     </span>
     <span class='ocr_line' id='line_1_18' title="bbox 311 2283 1434 2377; baseline -0.002 -21"><span class='ocrx_word' id='word_1_146' title='bbox 311 2291 463 2375; x_wconf 74' lang='grc' dir='ltr'><em>Φαίδραν</em></span> <span class='ocrx_word' id='word_1_147' title='bbox 490 2293 545 2356; x_wconf 85' lang='grc' dir='ltr'><strong>καὶ</strong></span> <span class='ocrx_word' id='word_1_148' title='bbox 575 2295 879 2376; x_wconf 77' lang='grc' dir='ltr'><em>προσεγκαλοῦσαν</em></span> <span class='ocrx_word' id='word_1_149' title='bbox 905 2295 956 2377; x_wconf 76' lang='grc' dir='ltr'><strong>τῷ</strong></span> <span class='ocrx_word' id='word_1_150' title='bbox 981 2297 1084 2377; x_wconf 81' lang='grc' dir='ltr'><em>Θησεῖ</em></span> <span class='ocrx_word' id='word_1_151' title='bbox 1103 2291 1289 2376; x_wconf 75' lang='grc' dir='ltr'><em>πεποὶηκεν</em></span> <span class='ocrx_word' id='word_1_152' title='bbox 1311 2283 1356 2366; x_wconf 84' lang='grc' dir='ltr'><strong>ὡς</strong></span> <span class='ocrx_word' id='word_1_153' title='bbox 1378 2285 1434 2354; x_wconf 80' lang='grc' dir='ltr'><strong>διὰ</strong></span> 
     </span>
     <span class='ocr_line' id='line_1_19' title="bbox 308 2385 1431 2479; baseline -0.001 -20"><span class='ocrx_word' id='word_1_154' title='bbox 308 2386 367 2472; x_wconf 81' lang='grc' dir='ltr'><strong>τὰς</strong></span> <span class='ocrx_word' id='word_1_155' title='bbox 401 2395 533 2460; x_wconf 75' lang='grc' dir='ltr'><em>ἐκείνου</em></span> <span class='ocrx_word' id='word_1_156' title='bbox 565 2397 777 2479; x_wconf 76' lang='grc' dir='ltr'><em>παρανομίας</em></span> <span class='ocrx_word' id='word_1_157' title='bbox 810 2394 1011 2479; x_wconf 77' lang='grc' dir='ltr'><em>ἐρασθεῖσαν</em></span> <span class='ocrx_word' id='word_1_158' title='bbox 1043 2398 1106 2461; x_wconf 84' lang='grc' dir='ltr'><strong>τοῦ</strong></span> <span class='ocrx_word' id='word_1_159' title='bbox 1129 2385 1345 2461; x_wconf 76' lang='grc' dir='ltr'><em>Ἱππολύτου.</em></span> <span class='ocrx_word' id='word_1_160' title='bbox 1395 2399 1431 2459; x_wconf 92' lang='lat' dir='ltr'><strong>Id</strong></span> 
     </span>
     <span class='ocr_line' id='line_1_20' title="bbox 309 2503 1431 2579; baseline -0.003 -15"><span class='ocrx_word' id='word_1_161' title='bbox 309 2509 389 2564; x_wconf 90' lang='lat' dir='ltr'><strong>certe</strong></span> <span class='ocrx_word' id='word_1_162' title='bbox 419 2505 506 2563; x_wconf 86' lang='lat' dir='ltr'><strong>etiam</strong></span> <span class='ocrx_word' id='word_1_163' title='bbox 538 2503 595 2564; x_wconf 91' lang='lat' dir='ltr'><strong>boc</strong></span> <span class='ocrx_word' id='word_1_164' title='bbox 625 2504 794 2564; x_wconf 90' lang='lat' dir='ltr'><strong>testimonio</strong></span> <span class='ocrx_word' id='word_1_165' title='bbox 818 2504 1019 2575; x_wconf 87' lang='lat' dir='ltr'><strong>confirmatur,</strong></span> <span class='ocrx_word' id='word_1_166' title='bbox 1048 2503 1128 2563; x_wconf 90' lang='lat' dir='ltr'><strong>illam</strong></span> <span class='ocrx_word' id='word_1_167' title='bbox 1152 2503 1332 2579; x_wconf 87' lang='lat' dir='ltr'><strong>Phaedram,</strong></span> <span class='ocrx_word' id='word_1_168' title='bbox 1365 2520 1431 2562; x_wconf 91' lang='lat' dir='ltr'><strong>cum</strong></span> 
     </span>
     <span class='ocr_line' id='line_1_21' title="bbox 309 2607 1432 2682; baseline 0 -17"><span class='ocrx_word' id='word_1_169' title='bbox 309 2625 368 2666; x_wconf 93' lang='lat' dir='ltr'><strong>non</strong></span> <span class='ocrx_word' id='word_1_170' title='bbox 392 2626 411 2666; x_wconf 86' lang='lat' dir='ltr'><strong>a</strong></span> <span class='ocrx_word' id='word_1_171' title='bbox 433 2624 464 2665; x_wconf 88' lang='lat' dir='ltr'><strong>se</strong></span> <span class='ocrx_word' id='word_1_172' title='bbox 486 2608 583 2682; x_wconf 91' lang='lat' dir='ltr'><strong>prima</strong></span> <span class='ocrx_word' id='word_1_173' title='bbox 605 2607 658 2666; x_wconf 88' lang='lat' dir='ltr'><strong>sed</strong></span> <span class='ocrx_word' id='word_1_174' title='bbox 682 2609 737 2666; x_wconf 86' lang='lat' dir='ltr'><strong>ium</strong></span> <span class='ocrx_word' id='word_1_175' title='bbox 762 2627 779 2666; x_wconf 94' lang='lat' dir='ltr'><strong>a</strong></span> <span class='ocrx_word' id='word_1_176' title='bbox 801 2607 920 2667; x_wconf 90' lang='lat' dir='ltr'><strong>Theseo</strong></span> <span class='ocrx_word' id='word_1_177' title='bbox 944 2607 1122 2667; x_wconf 89' lang='lat' dir='ltr'><strong>matrimonii</strong></span> <span class='ocrx_word' id='word_1_178' title='bbox 1145 2607 1346 2682; x_wconf 86' lang='lat' dir='ltr'><strong>integritatem</strong></span> <span class='ocrx_word' id='word_1_179' title='bbox 1369 2610 1432 2665; x_wconf 87' lang='lat' dir='ltr'><strong>tnr-</strong></span> 
     </span>
     <span class='ocr_line' id='line_1_22' title="bbox 308 2708 1431 2787; baseline -0.001 -19"><span class='ocrx_word' id='word_1_180' title='bbox 308 2709 407 2769; x_wconf 90' lang='lat' dir='ltr'><strong>batam</strong></span> <span class='ocrx_word' id='word_1_181' title='bbox 431 2726 496 2768; x_wconf 93' lang='lat' dir='ltr'><strong>esse</strong></span> <span class='ocrx_word' id='word_1_182' title='bbox 520 2708 634 2768; x_wconf 89' lang='lat' dir='ltr'><strong>diceret</strong></span> <span class='ocrx_word' id='word_1_183' title='bbox 657 2709 759 2787; x_wconf 91' lang='lat' dir='ltr'><strong>itaque</strong></span> <span class='ocrx_word' id='word_1_184' title='bbox 781 2710 888 2787; x_wconf 90' lang='lat' dir='ltr'><strong>culpae</strong></span> <span class='ocrx_word' id='word_1_185' title='bbox 908 2709 973 2769; x_wconf 84' lang='lat' dir='ltr'><strong>lere</strong></span> <span class='ocrx_word' id='word_1_186' title='bbox 989 2711 1061 2769; x_wconf 92' lang='lat' dir='ltr'><strong>nulli</strong></span> <span class='ocrx_word' id='word_1_187' title='bbox 1079 2727 1111 2769; x_wconf 92' lang='lat' dir='ltr'><strong>se</strong></span> <span class='ocrx_word' id='word_1_188' title='bbox 1127 2710 1285 2769; x_wconf 82' lang='lat' dir='ltr'><strong>obnoxiam</strong></span> <span class='ocrx_word' id='word_1_189' title='bbox 1302 2711 1431 2786; x_wconf 88' lang='lat' dir='ltr'><strong>putaret,</strong></span> 
     </span>
     <span class='ocr_line' id='line_1_23' title="bbox 308 2811 1429 2889; baseline -0.001 -19"><span class='ocrx_word' id='word_1_190' title='bbox 308 2812 429 2871; x_wconf 90' lang='lat' dir='ltr'><strong>omnino</strong></span> <span class='ocrx_word' id='word_1_191' title='bbox 454 2830 511 2870; x_wconf 90' lang='lat' dir='ltr'><strong>uon</strong></span> <span class='ocrx_word' id='word_1_192' title='bbox 536 2812 573 2870; x_wconf 84' lang='lat' dir='ltr'><strong>ad</strong></span> <span class='ocrx_word' id='word_1_193' title='bbox 597 2812 782 2872; x_wconf 90' lang='lat' dir='ltr'><strong>moriendum</strong></span> <span class='ocrx_word' id='word_1_194' title='bbox 808 2831 931 2889; x_wconf 91' lang='lat' dir='ltr'><strong>pronam</strong></span> <span class='ocrx_word' id='word_1_195' title='bbox 955 2812 1056 2873; x_wconf 84' lang='lat' dir='ltr'><strong>luisse.</strong></span> <span class='ocrx_word' id='word_1_196' title='bbox 1088 2814 1155 2872; x_wconf 86' lang='lat' dir='ltr'><strong>Hoc</strong></span> <span class='ocrx_word' id='word_1_197' title='bbox 1171 2811 1261 2888; x_wconf 85' lang='lat' dir='ltr'><strong>igitur</strong></span> <span class='ocrx_word' id='word_1_198' title='bbox 1275 2812 1300 2871; x_wconf 89' lang='lat' dir='ltr'><strong>si</strong></span> <span class='ocrx_word' id='word_1_199' title='bbox 1316 2817 1429 2872; x_wconf 89' lang='lat' dir='ltr'><strong>certum</strong></span> 
     </span>
     <span class='ocr_line' id='line_1_24' title="bbox 308 2912 1431 2992; baseline 0 -20"><span class='ocrx_word' id='word_1_200' title='bbox 308 2918 362 2988; x_wconf 87' lang='lat' dir='ltr'><strong>est,</strong></span> <span class='ocrx_word' id='word_1_201' title='bbox 393 2912 558 2972; x_wconf 89' lang='lat' dir='ltr'><strong>Phaedram</strong></span> <span class='ocrx_word' id='word_1_202' title='bbox 591 2919 658 2991; x_wconf 88' lang='lat' dir='ltr'><strong>post</strong></span> <span class='ocrx_word' id='word_1_203' title='bbox 680 2914 826 2973; x_wconf 84' lang='lat' dir='ltr'><strong>detectam</strong></span> <span class='ocrx_word' id='word_1_204' title='bbox 852 2913 969 2974; x_wconf 90' lang='lat' dir='ltr'><strong>demum</strong></span> <span class='ocrx_word' id='word_1_205' title='bbox 994 2916 1111 2992; x_wconf 91' lang='lat' dir='ltr'><strong>culpam</strong></span> <span class='ocrx_word' id='word_1_206' title='bbox 1135 2919 1259 2974; x_wconf 87' lang='lat' dir='ltr'><strong>mortem</strong></span> <span class='ocrx_word' id='word_1_207' title='bbox 1282 2913 1338 2974; x_wconf 90' lang='lat' dir='ltr'><strong>sibi</strong></span> <span class='ocrx_word' id='word_1_208' title='bbox 1361 2932 1431 2973; x_wconf 88' lang='lat' dir='ltr'><strong>cou-</strong></span> 
     </span>
    </p>
   </div>
   <div class='ocr_carea' id='block_1_3' title="bbox 303 3092 1431 4527">
    <p class='ocr_par' dir='ltr' id='par_1_3' title="bbox 303 3092 1431 4527">
     <span class='ocr_line' id='line_1_25' title="bbox 396 3092 1431 3162; baseline -0.001 -15"><span class='ocrx_word' id='word_1_209' title='bbox 396 3094 417 3161; x_wconf 87' lang='grc' dir='ltr'><strong>ι)</strong></span> <span class='ocrx_word' id='word_1_210' title='bbox 435 3092 499 3147; x_wconf 85' lang='lat' dir='ltr'><strong>Hibi</strong></span> <span class='ocrx_word' id='word_1_211' title='bbox 518 3092 628 3162; x_wconf 89' lang='lat' dir='ltr'><strong>quidem</strong></span> <span class='ocrx_word' id='word_1_212' title='bbox 647 3092 789 3161; x_wconf 88' lang='lat' dir='ltr'><strong>aptissime</strong></span> <span class='ocrx_word' id='word_1_213' title='bbox 808 3093 848 3148; x_wconf 90' lang='lat' dir='ltr'><strong>sie</strong></span> <span class='ocrx_word' id='word_1_214' title='bbox 865 3093 955 3149; x_wconf 89' lang='lat' dir='ltr'><strong>nodus</strong></span> <span class='ocrx_word' id='word_1_215' title='bbox 974 3093 1098 3162; x_wconf 83' lang='lat' dir='ltr'><strong>expediri</strong></span> <span class='ocrx_word' id='word_1_216' title='bbox 1115 3093 1240 3161; x_wconf 89' lang='lat' dir='ltr'><strong>potuisse</strong></span> <span class='ocrx_word' id='word_1_217' title='bbox 1258 3092 1376 3160; x_wconf 86' lang='lat' dir='ltr'><strong>videtur,</strong></span> <span class='ocrx_word' id='word_1_218' title='bbox 1399 3096 1431 3147; x_wconf 91' lang='lat' dir='ltr'><strong>ut</strong></span> 
     </span>
     <span class='ocr_line' id='line_1_26' title="bbox 307 3177 1429 3249; baseline -0.001 -17"><span class='ocrx_word' id='word_1_219' title='bbox 307 3179 434 3233; x_wconf 82' lang='lat' dir='ltr'><strong>Theseus</strong></span> <span class='ocrx_word' id='word_1_220' title='bbox 453 3194 511 3233; x_wconf 89' lang='lat' dir='ltr'><strong>eam</strong></span> <span class='ocrx_word' id='word_1_221' title='bbox 530 3178 685 3247; x_wconf 74' lang='lat' dir='ltr'><strong>epistulam,</strong></span> <span class='ocrx_word' id='word_1_222' title='bbox 704 3193 783 3247; x_wconf 91' lang='lat' dir='ltr'><strong>quam</strong></span> <span class='ocrx_word' id='word_1_223' title='bbox 797 3178 920 3234; x_wconf 86' lang='lat' dir='ltr'><strong>Phaedra</strong></span> <span class='ocrx_word' id='word_1_224' title='bbox 931 3179 1085 3249; x_wconf 86' lang='lat' dir='ltr'><strong>Hippolyto</strong></span> <span class='ocrx_word' id='word_1_225' title='bbox 1104 3179 1258 3247; x_wconf 87' lang='lat' dir='ltr'><strong>scripserat,</strong></span> <span class='ocrx_word' id='word_1_226' title='bbox 1277 3177 1429 3233; x_wconf 89' lang='lat' dir='ltr'><strong>abeodem</strong></span> 
     </span>
     <span class='ocr_line' id='line_1_27' title="bbox 306 3263 1431 3332; baseline -0.001 -15"><span class='ocrx_word' id='word_1_227' title='bbox 306 3264 441 3319; x_wconf 89' lang='lat' dir='ltr'><strong>moriente</strong></span> <span class='ocrx_word' id='word_1_228' title='bbox 464 3264 602 3332; x_wconf 88' lang='lat' dir='ltr'><strong>acciperet</strong></span> <span class='ocrx_word' id='word_1_229' title='bbox 625 3264 799 3331; x_wconf 90' lang='lat' dir='ltr'><strong>(morientem</strong></span> <span class='ocrx_word' id='word_1_230' title='bbox 823 3265 850 3317; x_wconf 92' lang='lat' dir='ltr'><strong>iu</strong></span> <span class='ocrx_word' id='word_1_231' title='bbox 873 3279 974 3318; x_wconf 80' lang='lat' dir='ltr'><strong>scaeua</strong></span> <span class='ocrx_word' id='word_1_232' title='bbox 991 3265 1151 3332; x_wconf 87' lang='lat' dir='ltr'><strong>apparuisse</strong></span> <span class='ocrx_word' id='word_1_233' title='bbox 1170 3266 1227 3319; x_wconf 88' lang='lat' dir='ltr'><strong>Leo</strong></span> <span class='ocrx_word' id='word_1_234' title='bbox 1245 3263 1347 3332; x_wconf 85' lang='lat' dir='ltr'><strong>evicit),</strong></span> <span class='ocrx_word' id='word_1_235' title='bbox 1375 3277 1431 3332; x_wconf 86' lang='lat' dir='ltr'><strong>qua</strong></span> 
     </span>
     <span class='ocr_line' id='line_1_28' title="bbox 306 3347 1429 3418; baseline -0.002 -15"><span class='ocrx_word' id='word_1_236' title='bbox 306 3365 336 3404; x_wconf 90' lang='lat' dir='ltr'><strong>re</strong></span> <span class='ocrx_word' id='word_1_237' title='bbox 353 3349 399 3404; x_wconf 92' lang='lat' dir='ltr'><strong>ille</strong></span> <span class='ocrx_word' id='word_1_238' title='bbox 417 3349 601 3404; x_wconf 89' lang='lat' dir='ltr'><strong>innocentiam</strong></span> <span class='ocrx_word' id='word_1_239' title='bbox 624 3365 701 3404; x_wconf 88' lang='lat' dir='ltr'><strong>suam</strong></span> <span class='ocrx_word' id='word_1_240' title='bbox 725 3350 925 3404; x_wconf 86' lang='lat' dir='ltr'><strong>demonstraret</strong></span> <span class='ocrx_word' id='word_1_241' title='bbox 942 3350 1014 3405; x_wconf 90' lang='lat' dir='ltr'><strong>haud</strong></span> <span class='ocrx_word' id='word_1_242' title='bbox 1033 3349 1168 3418; x_wconf 72' lang='lat' dir='ltr'><strong>ambigue,</strong></span> <span class='ocrx_word' id='word_1_243' title='bbox 1194 3349 1254 3404; x_wconf 86' lang='lat' dir='ltr'><strong>sive</strong></span> <span class='ocrx_word' id='word_1_244' title='bbox 1272 3349 1326 3403; x_wconf 85' lang='lat' dir='ltr'><strong>alio</strong></span> <span class='ocrx_word' id='word_1_245' title='bbox 1344 3347 1429 3402; x_wconf 90' lang='lat' dir='ltr'><strong>modo</strong></span> 
     </span>
     <span class='ocr_line' id='line_1_29' title="bbox 306 3433 1429 3503; baseline 0.001 -15"><span class='ocrx_word' id='word_1_246' title='bbox 306 3433 452 3503; x_wconf 90' lang='lat' dir='ltr'><strong>epistulam</strong></span> <span class='ocrx_word' id='word_1_247' title='bbox 471 3434 598 3489; x_wconf 88' lang='lat' dir='ltr'><strong>Theseus</strong></span> <span class='ocrx_word' id='word_1_248' title='bbox 623 3439 720 3489; x_wconf 88' lang='lat' dir='ltr'><strong>nactus</strong></span> <span class='ocrx_word' id='word_1_249' title='bbox 744 3439 795 3489; x_wconf 89' lang='lat' dir='ltr'><strong>cst.</strong></span> <span class='ocrx_word' id='word_1_250' title='bbox 830 3434 927 3503; x_wconf 86' lang='lat' dir='ltr'><strong>ltaque</strong></span> <span class='ocrx_word' id='word_1_251' title='bbox 951 3436 1128 3490; x_wconf 84' lang='lat' dir='ltr'><strong>statuendum</strong></span> <span class='ocrx_word' id='word_1_252' title='bbox 1153 3439 1205 3503; x_wconf 89' lang='lat' dir='ltr'><strong>est,</strong></span> <span class='ocrx_word' id='word_1_253' title='bbox 1232 3439 1263 3488; x_wconf 91' lang='lat' dir='ltr'><strong>nt</strong></span> <span class='ocrx_word' id='word_1_254' title='bbox 1286 3435 1313 3488; x_wconf 92' lang='lat' dir='ltr'><strong>in</strong></span> <span class='ocrx_word' id='word_1_255' title='bbox 1337 3433 1429 3502; x_wconf 88' lang='lat' dir='ltr'><strong>priore</strong></span> 
     </span>
     <span class='ocr_line' id='line_1_30' title="bbox 306 3518 1429 3588; baseline -0.003 -15"><span class='ocrx_word' id='word_1_256' title='bbox 306 3518 397 3574; x_wconf 86' lang='lat' dir='ltr'><strong>fabula</strong></span> <span class='ocrx_word' id='word_1_257' title='bbox 418 3535 469 3587; x_wconf 90' lang='lat' dir='ltr'><strong>per</strong></span> <span class='ocrx_word' id='word_1_258' title='bbox 490 3518 594 3574; x_wconf 83' lang='lat' dir='ltr'><strong>litteras</strong></span> <span class='ocrx_word' id='word_1_259' title='bbox 619 3520 709 3575; x_wconf 91' lang='lat' dir='ltr'><strong>nodus</strong></span> <span class='ocrx_word' id='word_1_260' title='bbox 731 3519 839 3574; x_wconf 87' lang='lat' dir='ltr'><strong>solutus</strong></span> <span class='ocrx_word' id='word_1_261' title='bbox 864 3521 909 3588; x_wconf 93' lang='lat' dir='ltr'><strong>sit,</strong></span> <span class='ocrx_word' id='word_1_262' title='bbox 936 3520 973 3573; x_wconf 90' lang='lat' dir='ltr'><strong>ita</strong></span> <span class='ocrx_word' id='word_1_263' title='bbox 997 3520 1025 3573; x_wconf 94' lang='lat' dir='ltr'><strong>iu</strong></span> <span class='ocrx_word' id='word_1_264' title='bbox 1049 3521 1133 3574; x_wconf 89' lang='lat' dir='ltr'><strong>altera</strong></span> <span class='ocrx_word' id='word_1_265' title='bbox 1151 3536 1212 3574; x_wconf 89' lang='lat' dir='ltr'><strong>eum</strong></span> <span class='ocrx_word' id='word_1_266' title='bbox 1231 3535 1294 3574; x_wconf 88' lang='lat' dir='ltr'><strong>esse</strong></span> <span class='ocrx_word' id='word_1_267' title='bbox 1311 3533 1429 3586; x_wconf 87' lang='lat' dir='ltr'><strong>nexum;</strong></span> 
     </span>
     <span class='ocr_line' id='line_1_31' title="bbox 306 3604 1428 3674; baseline -0.002 -14"><span class='ocrx_word' id='word_1_268' title='bbox 306 3621 395 3674; x_wconf 89' lang='lat' dir='ltr'><strong>neque</strong></span> <span class='ocrx_word' id='word_1_269' title='bbox 420 3604 447 3657; x_wconf 91' lang='lat' dir='ltr'><strong>id</strong></span> <span class='ocrx_word' id='word_1_270' title='bbox 471 3604 508 3658; x_wconf 89' lang='lat' dir='ltr'><strong>ita</strong></span> <span class='ocrx_word' id='word_1_271' title='bbox 526 3605 634 3671; x_wconf 91' lang='lat' dir='ltr'><strong>mirum,</strong></span> <span class='ocrx_word' id='word_1_272' title='bbox 661 3604 819 3673; x_wconf 86' lang='lat' dir='ltr'><strong>Euripidem</strong></span> <span class='ocrx_word' id='word_1_273' title='bbox 839 3604 911 3659; x_wconf 88' lang='lat' dir='ltr'><strong>idem</strong></span> <span class='ocrx_word' id='word_1_274' title='bbox 930 3612 1119 3674; x_wconf 83' lang='lat' dir='ltr'><strong>argumentum</strong></span> <span class='ocrx_word' id='word_1_275' title='bbox 1138 3605 1230 3674; x_wconf 87' lang='lat' dir='ltr'><strong>paullo</strong></span> <span class='ocrx_word' id='word_1_276' title='bbox 1249 3607 1380 3659; x_wconf 82' lang='lat' dir='ltr'><strong>mutatum</strong></span> <span class='ocrx_word' id='word_1_277' title='bbox 1399 3605 1428 3658; x_wconf 93' lang='lat' dir='ltr'><strong>in</strong></span> 
     </span>
     <span class='ocr_line' id='line_1_32' title="bbox 305 3687 1430 3759; baseline -0.001 -14"><span class='ocrx_word' id='word_1_278' title='bbox 305 3696 420 3758; x_wconf 71' lang='lat' dir='ltr'><strong>unaque</strong></span> <span class='ocrx_word' id='word_1_279' title='bbox 447 3689 540 3744; x_wconf 84' lang='lat' dir='ltr'><strong>fabula</strong></span> <span class='ocrx_word' id='word_1_280' title='bbox 565 3690 733 3756; x_wconf 87' lang='lat' dir='ltr'><strong>adhibuisse,</strong></span> <span class='ocrx_word' id='word_1_281' title='bbox 760 3691 832 3745; x_wconf 89' lang='lat' dir='ltr'><strong>sieut</strong></span> <span class='ocrx_word' id='word_1_282' title='bbox 858 3691 971 3745; x_wconf 91' lang='lat' dir='ltr'><strong>omniuo</strong></span> <span class='ocrx_word' id='word_1_283' title='bbox 998 3691 1144 3745; x_wconf 90' lang='lat' dir='ltr'><strong>nonnullas</strong></span> <span class='ocrx_word' id='word_1_284' title='bbox 1169 3707 1203 3745; x_wconf 87' lang='lat' dir='ltr'><strong>ex</strong></span> <span class='ocrx_word' id='word_1_285' title='bbox 1228 3689 1318 3759; x_wconf 93' lang='lat' dir='ltr'><strong>prlorc</strong></span> <span class='ocrx_word' id='word_1_286' title='bbox 1335 3687 1430 3744; x_wconf 81' lang='lat' dir='ltr'><strong>fabula</strong></span> 
     </span>
     <span class='ocr_line' id='line_1_33' title="bbox 304 3775 1428 3845; baseline 0 -17"><span class='ocrx_word' id='word_1_287' title='bbox 304 3775 432 3845; x_wconf 86' lang='lat' dir='ltr'><strong>reliquias</strong></span> <span class='ocrx_word' id='word_1_288' title='bbox 451 3775 607 3830; x_wconf 90' lang='lat' dir='ltr'><strong>etiamnunc</strong></span> <span class='ocrx_word' id='word_1_289' title='bbox 624 3776 826 3844; x_wconf 80' lang='lat' dir='ltr'><strong>cognoscimus.</strong></span> <span class='ocrx_word' id='word_1_290' title='bbox 855 3776 905 3830; x_wconf 84' lang='lat' dir='ltr'><strong>Cui</strong></span> <span class='ocrx_word' id='word_1_291' title='bbox 923 3777 1096 3831; x_wconf 89' lang='lat' dir='ltr'><strong>coniecturae</strong></span> <span class='ocrx_word' id='word_1_292' title='bbox 1114 3791 1169 3831; x_wconf 94' lang='lat' dir='ltr'><strong>non</strong></span> <span class='ocrx_word' id='word_1_293' title='bbox 1188 3775 1333 3843; x_wconf 89' lang='lat' dir='ltr'><strong>obstrepit,</strong></span> <span class='ocrx_word' id='word_1_294' title='bbox 1351 3775 1428 3844; x_wconf 90' lang='lat' dir='ltr'><strong>quod</strong></span> 
     </span>
     <span class='ocr_line' id='line_1_34' title="bbox 305 3859 1428 3930; baseline 0.001 -16"><span class='ocrx_word' id='word_1_295' title='bbox 305 3860 387 3915; x_wconf 89' lang='lat' dir='ltr'><strong>deum</strong></span> <span class='ocrx_word' id='word_1_296' title='bbox 406 3860 487 3915; x_wconf 90' lang='lat' dir='ltr'><strong>etiam</strong></span> <span class='ocrx_word' id='word_1_297' title='bbox 506 3860 534 3914; x_wconf 94' lang='lat' dir='ltr'><strong>iu</strong></span> <span class='ocrx_word' id='word_1_298' title='bbox 552 3860 597 3914; x_wconf 94' lang='lat' dir='ltr'><strong>illa</strong></span> <span class='ocrx_word' id='word_1_299' title='bbox 614 3859 707 3915; x_wconf 84' lang='lat' dir='ltr'><strong>fabula</strong></span> <span class='ocrx_word' id='word_1_300' title='bbox 724 3861 752 3914; x_wconf 93' lang='lat' dir='ltr'><strong>iu</strong></span> <span class='ocrx_word' id='word_1_301' title='bbox 771 3860 825 3915; x_wconf 89' lang='lat' dir='ltr'><strong>line</strong></span> <span class='ocrx_word' id='word_1_302' title='bbox 843 3862 1004 3930; x_wconf 74' lang='lat' dir='ltr'><strong>apparuisse</strong></span> <span class='ocrx_word' id='word_1_303' title='bbox 1022 3861 1174 3930; x_wconf 91' lang='lat' dir='ltr'><strong>putandum</strong></span> <span class='ocrx_word' id='word_1_304' title='bbox 1192 3868 1244 3930; x_wconf 86' lang='lat' dir='ltr'><strong>est,</strong></span> <span class='ocrx_word' id='word_1_305' title='bbox 1261 3860 1428 3916; x_wconf 88' lang='lat' dir='ltr'><strong>sicutWila·</strong></span> 
     </span>
     <span class='ocr_line' id='line_1_35' title="bbox 306 3945 1427 4016; baseline 0 -16"><span class='ocrx_word' id='word_1_306' title='bbox 306 3945 458 4000; x_wconf 86' lang='lat' dir='ltr'><strong>mowitzius</strong></span> <span class='ocrx_word' id='word_1_307' title='bbox 476 3946 571 4015; x_wconf 73' lang='lat' dir='ltr'><strong>(Hipp.</strong></span> <span class='ocrx_word' id='word_1_308' title='bbox 590 3947 672 4014; x_wconf 71' lang='lat' dir='ltr'><strong>plu)</strong></span> <span class='ocrx_word' id='word_1_309' title='bbox 695 3946 856 4014; x_wconf 83' lang='lat' dir='ltr'><strong>Asclepium</strong></span> <span class='ocrx_word' id='word_1_310' title='bbox 881 3946 1062 4016; x_wconf 87' lang='lat' dir='ltr'><strong>Hippolytum</strong></span> <span class='ocrx_word' id='word_1_311' title='bbox 1087 3947 1114 4000; x_wconf 93' lang='lat' dir='ltr'><strong>in</strong></span> <span class='ocrx_word' id='word_1_312' title='bbox 1138 3947 1221 4000; x_wconf 85' lang='lat' dir='ltr'><strong>vitam</strong></span> <span class='ocrx_word' id='word_1_313' title='bbox 1244 3945 1427 4000; x_wconf 87' lang='lat' dir='ltr'><strong>resuscitasse</strong></span> 
     </span>
     <span class='ocr_line' id='line_1_36' title="bbox 305 4028 1428 4100; baseline 0 -16"><span class='ocrx_word' id='word_1_314' title='bbox 305 4029 434 4085; x_wconf 86' lang='lat' dir='ltr'><strong>coniecit:</strong></span> <span class='ocrx_word' id='word_1_315' title='bbox 452 4028 520 4083; x_wconf 89' lang='lat' dir='ltr'><strong>illud</strong></span> <span class='ocrx_word' id='word_1_316' title='bbox 533 4030 605 4083; x_wconf 89' lang='lat' dir='ltr'><strong>enim</strong></span> <span class='ocrx_word' id='word_1_317' title='bbox 619 4030 764 4099; x_wconf 85' lang='lat' dir='ltr'><strong>Hippolyti</strong></span> <span class='ocrx_word' id='word_1_318' title='bbox 775 4045 791 4084; x_wconf 86' lang='lat' dir='ltr'><strong>a</strong></span> <span class='ocrx_word' id='word_1_319' title='bbox 803 4030 845 4085; x_wconf 91' lang='lat' dir='ltr'><strong>dis</strong></span> <span class='ocrx_word' id='word_1_320' title='bbox 860 4030 1011 4086; x_wconf 91' lang='lat' dir='ltr'><strong>honorandi</strong></span> <span class='ocrx_word' id='word_1_321' title='bbox 1028 4033 1176 4099; x_wconf 89' lang='lat' dir='ltr'><strong>praemium</strong></span> <span class='ocrx_word' id='word_1_322' title='bbox 1188 4030 1384 4100; x_wconf 80' lang='lat' dir='ltr'><strong>requirebatur.</strong></span> <span class='ocrx_word' id='word_1_323' title='bbox 1394 4059 1428 4068; x_wconf 91' lang='lat'>-</span> 
     </span>
     <span class='ocr_line' id='line_1_37' title="bbox 304 4113 1427 4184; baseline -0.002 -15"><span class='ocrx_word' id='word_1_324' title='bbox 304 4116 373 4169; x_wconf 86' lang='lat' dir='ltr'><strong>Eam</strong></span> <span class='ocrx_word' id='word_1_325' title='bbox 392 4115 524 4182; x_wconf 87' lang='lat' dir='ltr'><strong>integram</strong></span> <span class='ocrx_word' id='word_1_326' title='bbox 544 4113 650 4169; x_wconf 82' lang='lat' dir='ltr'><strong>fabulae</strong></span> <span class='ocrx_word' id='word_1_327' title='bbox 669 4116 724 4168; x_wconf 90' lang='lat' dir='ltr'><strong>vim</strong></span> <span class='ocrx_word' id='word_1_328' title='bbox 742 4120 825 4184; x_wconf 85' lang='lat' dir='ltr'><strong>atque</strong></span> <span class='ocrx_word' id='word_1_329' title='bbox 843 4116 963 4171; x_wconf 92' lang='lat' dir='ltr'><strong>indolem</strong></span> <span class='ocrx_word' id='word_1_330' title='bbox 982 4117 1062 4184; x_wconf 90' lang='lat' dir='ltr'><strong>plane</strong></span> <span class='ocrx_word' id='word_1_331' title='bbox 1081 4117 1201 4171; x_wconf 86' lang='lat' dir='ltr'><strong>turbavit</strong></span> <span class='ocrx_word' id='word_1_332' title='bbox 1218 4115 1337 4182; x_wconf 85' lang='lat' dir='ltr'><strong>Seneca,</strong></span> <span class='ocrx_word' id='word_1_333' title='bbox 1364 4131 1427 4168; x_wconf 90' lang='lat' dir='ltr'><strong>cum</strong></span> 
     </span>
     <span class='ocr_line' id='line_1_38' title="bbox 305 4198 1427 4269; baseline -0.002 -15"><span class='ocrx_word' id='word_1_334' title='bbox 305 4198 456 4254; x_wconf 87' lang='lat' dir='ltr'><strong>Phaedram</strong></span> <span class='ocrx_word' id='word_1_335' title='bbox 480 4199 539 4266; x_wconf 86' lang='lat' dir='ltr'><strong>ipsa</strong></span> <span class='ocrx_word' id='word_1_336' title='bbox 561 4199 680 4268; x_wconf 77' lang='lat' dir='ltr'><strong>privigni</strong></span> <span class='ocrx_word' id='word_1_337' title='bbox 705 4207 792 4255; x_wconf 90' lang='lat' dir='ltr'><strong>morte</strong></span> <span class='ocrx_word' id='word_1_338' title='bbox 814 4199 884 4255; x_wconf 90' lang='lat' dir='ltr'><strong>adeo</strong></span> <span class='ocrx_word' id='word_1_339' title='bbox 902 4202 1073 4269; x_wconf 90' lang='lat' dir='ltr'><strong>perterritam</strong></span> <span class='ocrx_word' id='word_1_340' title='bbox 1092 4206 1175 4269; x_wconf 90' lang='lat' dir='ltr'><strong>atque</strong></span> <span class='ocrx_word' id='word_1_341' title='bbox 1195 4205 1359 4255; x_wconf 87' lang='lat' dir='ltr'><strong>commotam</strong></span> <span class='ocrx_word' id='word_1_342' title='bbox 1378 4199 1427 4252; x_wconf 86' lang='lat' dir='ltr'><strong>iin-</strong></span> 
     </span>
     <span class='ocr_line' id='line_1_39' title="bbox 304 4284 1428 4353; baseline -0.001 -14"><span class='ocrx_word' id='word_1_343' title='bbox 304 4289 392 4353; x_wconf 78' lang='lat' dir='ltr'><strong>geret,</strong></span> <span class='ocrx_word' id='word_1_344' title='bbox 417 4289 448 4338; x_wconf 92' lang='lat' dir='ltr'><strong>ut</strong></span> <span class='ocrx_word' id='word_1_345' title='bbox 464 4290 579 4337; x_wconf 91' lang='lat' dir='ltr'><strong>mortem</strong></span> <span class='ocrx_word' id='word_1_346' title='bbox 598 4285 660 4352; x_wconf 88' lang='lat' dir='ltr'><strong>ipsu</strong></span> <span class='ocrx_word' id='word_1_347' title='bbox 677 4291 794 4352; x_wconf 88' lang='lat' dir='ltr'><strong>peteret.</strong></span> <span class='ocrx_word' id='word_1_348' title='bbox 827 4286 902 4350; x_wconf 78' lang='lat' dir='ltr'><strong>Quae</strong></span> <span class='ocrx_word' id='word_1_349' title='bbox 921 4286 992 4340; x_wconf 84' lang='lat' dir='ltr'><strong>eninr</strong></span> <span class='ocrx_word' id='word_1_350' title='bbox 1011 4287 1081 4340; x_wconf 87' lang='lat' dir='ltr'><strong>ratio</strong></span> <span class='ocrx_word' id='word_1_351' title='bbox 1099 4287 1220 4341; x_wconf 88' lang='lat' dir='ltr'><strong>cernitur</strong></span> <span class='ocrx_word' id='word_1_352' title='bbox 1237 4286 1265 4338; x_wconf 90' lang='lat' dir='ltr'><strong>in</strong></span> <span class='ocrx_word' id='word_1_353' title='bbox 1283 4301 1327 4351; x_wconf 91' lang='lat' dir='ltr'><strong>eo,</strong></span> <span class='ocrx_word' id='word_1_354' title='bbox 1351 4284 1428 4353; x_wconf 90' lang='lat' dir='ltr'><strong>quod</strong></span> 
     </span>
     <span class='ocr_line' id='line_1_40' title="bbox 304 4367 1427 4440; baseline 0 -16"><span class='ocrx_word' id='word_1_355' title='bbox 304 4370 427 4424; x_wconf 89' lang='lat' dir='ltr'><strong>Phaedra</strong></span> <span class='ocrx_word' id='word_1_356' title='bbox 450 4369 594 4440; x_wconf 84' lang='lat' dir='ltr'><strong>Hippolyti</strong></span> <span class='ocrx_word' id='word_1_357' title='bbox 612 4376 708 4437; x_wconf 89' lang='lat' dir='ltr'><strong>morte,</strong></span> <span class='ocrx_word' id='word_1_358' title='bbox 735 4386 817 4440; x_wconf 88' lang='lat' dir='ltr'><strong>quam</strong></span> <span class='ocrx_word' id='word_1_359' title='bbox 835 4370 904 4439; x_wconf 90' lang='lat' dir='ltr'><strong>ipsa,</strong></span> <span class='ocrx_word' id='word_1_360' title='bbox 930 4375 961 4426; x_wconf 92' lang='lat' dir='ltr'><strong>ut</strong></span> <span class='ocrx_word' id='word_1_361' title='bbox 985 4371 1122 4439; x_wconf 86' lang='lat' dir='ltr'><strong>repulsam</strong></span> <span class='ocrx_word' id='word_1_362' title='bbox 1147 4377 1288 4438; x_wconf 88' lang='lat' dir='ltr'><strong>acceptam</strong></span> <span class='ocrx_word' id='word_1_363' title='bbox 1311 4367 1427 4424; x_wconf 87' lang='lat' dir='ltr'><strong>uleisce-</strong></span> 
     </span>
     <span class='ocr_line' id='line_1_41' title="bbox 303 4453 1425 4527; baseline -0.002 -16"><span class='ocrx_word' id='word_1_364' title='bbox 303 4462 384 4524; x_wconf 89' lang='lat' dir='ltr'><strong>retnr,</strong></span> <span class='ocrx_word' id='word_1_365' title='bbox 402 4455 496 4511; x_wconf 84' lang='lat' dir='ltr'><strong>molita</strong></span> <span class='ocrx_word' id='word_1_366' title='bbox 508 4459 574 4525; x_wconf 87' lang='lat' dir='ltr'><strong>erat,</strong></span> <span class='ocrx_word' id='word_1_367' title='bbox 592 4456 627 4511; x_wconf 90' lang='lat' dir='ltr'><strong>ad</strong></span> <span class='ocrx_word' id='word_1_368' title='bbox 638 4457 834 4525; x_wconf 86' lang='lat' dir='ltr'><strong>paonitentiam</strong></span> <span class='ocrx_word' id='word_1_369' title='bbox 846 4457 1000 4527; x_wconf 85' lang='lat' dir='ltr'><strong>culpaeque</strong></span> <span class='ocrx_word' id='word_1_370' title='bbox 1011 4455 1216 4513; x_wconf 83' lang='lat' dir='ltr'><strong>confessionem</strong></span> <span class='ocrx_word' id='word_1_371' title='bbox 1228 4453 1425 4525; x_wconf 76' lang='lat' dir='ltr'><strong>compellitur?</strong></span> 
     </span>
    </p>
   </div>
   <div class='ocr_carea' id='block_1_4' title="bbox 0 0 1556 5198">
    <p class='ocr_par' dir='ltr' id='par_1_4' title="bbox 0 0 1556 5198">
     <span class='ocr_line' id='line_1_42' title="bbox 0 0 1556 5198; baseline 0 2"><span class='ocrx_word' id='word_1_372' title='bbox 0 0 1556 5198; x_wconf 95' lang='lat' dir='ltr'><strong> </strong></span> 
     </span>
    </p>
   </div>
  </div>
 </body>
</html>
