3104 5198
1272 412 1332 469 277

212 581 336 641 horrere
363 599 381 640 a
408 583 494 659 pueri
523 586 643 654 natura,
675 580 727 640 sed
758 579 829 640 inde
858 580 936 639 velle
965 579 1144 640 concludere
1179 579 1335 638 Eumelum

212 683 293 742 illum
318 702 421 743 revera
451 682 672 743 adulescentem
697 691 825 759 aposta
848 681 948 741 fictum
972 700 1047 759 esse,
1076 680 1334 759 perversissimum

213 785 283 844 mihi
307 786 434 862 videtur,
463 785 610 862 siquidem
642 790 761 845 cunstat
789 801 905 843 summa
935 790 999 843 arte
1027 801 1101 861 opus
1125 801 1191 843 esse
1213 781 1252 841 ad
1275 800 1336 842 ser-

213 905 316 947 mones
340 906 538 964 personarum
562 889 603 947 ita
626 887 838 963 instituendos,
872 892 905 946 ut
928 905 1034 946 revera
1057 886 1242 964 singularum
1267 903 1335 945 oon·

212 988 381 1049 dicionibus
416 991 607 1066 moribusque
641 988 801 1049 convenire
835 987 1001 1048 videantur.
1060 990 1093 1048 ld
1128 1006 1165 1048 ne
1199 986 1335 1063 Euripidi

213 1090 332 1167 quidem
367 1111 484 1169 semper
518 1093 677 1166 contigisse
711 1092 766 1149 iam
796 1090 1013 1166 Aristophanes
1047 1092 1176 1150 comicus
1205 1088 1336 1149 animad-

212 1195 311 1269 vertit,
343 1212 409 1253 cum
433 1196 459 1252 ei
483 1195 682 1271 exprobraret
712 1193 758 1251 vel
781 1193 914 1252 aniculas
936 1193 1017 1269 apud
1040 1211 1107 1252 eum
1131 1190 1335 1268 philosophari

213 1295 264 1368 (cf.
286 1314 349 1354 ran.
366 1299 427 1357 948
440 1316 513 1372 sqq,
535 1297 608 1354 Acir.
624 1294 707 1367 400).
742 1298 846 1370 ltaque
869 1295 893 1355 si
916 1312 1076 1372 puerorum
1100 1296 1130 1353 in
1150 1311 1260 1353 scaena
1275 1311 1335 1352 ser·

213 1417 316 1459 mones
345 1400 466 1458 omnino
497 1399 566 1458 novi
597 1398 707 1474 aliquid
739 1399 893 1475 praebere,
927 1398 955 1456 in
980 1395 1131 1457 Alcestide
1158 1415 1229 1457 vero
1252 1396 1335 1454 lluri·

214 1499 312 1576 pidem
338 1500 398 1559 fere
422 1502 518 1576 primo
542 1501 603 1559 tale
630 1500 701 1577 quid
730 1499 852 1558 linxisse
876 1501 1093 1576 respexerimus
1117 1496 1158 1570 (id
1183 1497 1262 1574 quod
1285 1497 1335 1556 de·

215 1605 380 1661 monstrare
405 1601 475 1658 mibi
498 1602 527 1659 in
552 1600 608 1660 hac
635 1598 843 1660 dissertatione
869 1600 1055 1677 propositum
1082 1594 1148 1673 est),
1174 1598 1204 1657 in
1232 1597 1334 1673 depin-

212 1701 311 1778 gendo
336 1703 458 1762 Eumelo
489 1722 554 1762 eum
585 1702 746 1778 paullulum
777 1702 924 1761 erravisse
955 1720 1015 1761 non
1045 1701 1148 1760 mirum
1177 1699 1335 1759 videbitur.

213 1803 270 1863 Sed
295 1823 332 1864 ne
356 1822 432 1881 opus
455 1805 573 1881 quidem
598 1812 643 1864 est
673 1806 717 1864 bis
746 1805 944 1881 argumentis:
978 1806 1042 1881 ipse
1064 1803 1223 1880 Euripides
1246 1802 1336 1862 claris

213 1908 314 1966 verbis
346 1906 459 1966 indicat
492 1926 522 1966 se
550 1925 638 1966 veros
669 1924 778 1983 pueros
807 1906 946 1967 habuisse
974 1907 1003 1965 in
1027 1907 1134 1976 animo,
1167 1924 1232 1965 cum
1260 1904 1336 1964 haec

213 2008 359 2068 scriberet
382 2010 419 2068 de
443 2009 543 2068 liberis
565 2009 601 2067 ab
618 2008 769 2069 Alcestide
785 2016 878 2068 matre
895 2008 998 2067 ultimo
1015 2008 1163 2067 salutatis:
1189 2010 1248 2068 189
1259 2020 1335 2082 sqq:

366 2140 482 2215 παῖδες
505 2138 541 2204 δὲ
562 2140 705 2203 πέπλων
725 2134 850 2223 μητρὸς
872 2137 1109 2224 ἐξηρητημένοι

367 2237 521 2304 ἔκλαιον·
544 2231 564 2327 ἦ
588 2239 623 2305 δὲ
645 2232 848 2323 λαμβάνουσ’
864 2238 897 2317 ἐς
920 2233 1067 2323 ἀγκάλας

367 2333 525 2428 ἠσπάζετ’
541 2334 657 2407 ἄλλοτ’
673 2335 779 2406 ἄλλον
800 2346 871 2406 κτλ.

213 2502 315 2576 Quid?
338 2521 439 2563 nonne
462 2507 655 2580 spectatores,
678 2501 701 2562 si
724 2503 769 2561 his
792 2500 880 2562 modo
903 2501 1013 2561 auditis
1036 2503 1182 2563 hominem
1199 2501 1333 2562 adultum

211 2604 361 2665 vidissent
389 2605 584 2681 prodeuntem
609 2606 725 2664 Eumeli
756 2622 887 2681 persona
920 2603 1070 2682 indutum,
1102 2606 1215 2665 risuros
1242 2604 1336 2665 luisse

213 2710 323 2784 putas?
367 2708 476 2767 Nonne
507 2726 555 2766 res
582 2708 647 2783 ipsa
669 2708 728 2766 lert
758 2725 868 2784 pueros
898 2725 987 2783 quam
1012 2708 1147 2768 minimos
1170 2708 1335 2768 imbecillis·

212 2812 304 2869 simos
327 2809 457 2886 ostendi,
485 2816 518 2869 ut
539 2811 659 2869 omnino
682 2810 845 2871 Alcestidis
868 2829 983 2886 proces,
1012 2811 1119 2886 quibus
1142 2828 1194 2870 eos
1217 2810 1335 2870 Admeti

212 2914 325 2973 tutelae
350 2914 545 2990 commendat,
567 2914 804 2990 intellegantur?
816 2945 858 2953 -
880 2915 983 2990 Aeque
1007 2922 1097 2989 atque
1113 2915 1170 2973 bae
1188 2915 1217 2972 in
1234 2913 1336 2973 fabula

213 3017 243 3074 in
268 3034 458 3093 unaquaque,
482 3022 630 3093 quotquot
652 3017 799 3092 praebent
820 3035 982 3092 puerorum
1006 3021 1116 3093 partes,
1144 3016 1223 3075 lraud
1247 3015 1335 3076 ambi·

213 3138 274 3196 gue
299 3120 444 3195 puerilem
468 3125 604 3178 naturam
628 3118 823 3195 significatam
847 3137 912 3178 esso
936 3119 1131 3179 inveniemus.

300 3240 376 3298 Nam
408 3240 456 3298 vel
486 3239 581 3298 obiter
605 3240 715 3316 legenti
747 3238 917 3315 tragoedias
947 3239 1077 3299 Graecas
1107 3239 1163 3298 boc
1193 3258 1225 3299 se
1248 3241 1337 3300 offert

213 3342 302 3418 nitro,
336 3342 467 3401 voluisse
499 3345 603 3417 poetas
634 3359 744 3417 pueros
773 3342 907 3415 intellegi
930 3347 1088 3414 teneros,
1121 3343 1335 3416 imbecillos,

212 3446 339 3504 aliorum
364 3443 501 3503 auxilio
524 3453 684 3520 egentes3
708 3444 780 3520 quin
803 3445 890 3504 etiam
905 3436 1060 3521 {quotquot
1074 3445 1160 3520 pueri
1176 3446 1204 3504 in
1221 3453 1337 3521 tragoe-

212 3546 268 3606 diis
300 3546 460 3623 prodeunt,
490 3565 592 3607 omnes
622 3551 674 3606 aut
700 3565 814 3606 summo
838 3547 971 3624 periculo
994 3548 1146 3606 constricti
1169 3556 1221 3606 aut
1242 3566 1336 3622 auge·

213 3650 295 3709 ribus
328 3650 426 3708 vexati
458 3655 510 3708 aut
543 3668 676 3708 maerore
700 3650 802 3708 afflicti
827 3653 905 3726 sunt,
937 3650 979 3708 ita
1006 3656 1039 3707 ut
1066 3650 1191 3709 consilio
1226 3651 1336 3709 miseri·

212 3752 346 3811 cordiam
376 3752 513 3811 movendi
547 3769 598 3810 eos
624 3770 727 3811 omnes
757 3751 895 3811 inductos
918 3770 983 3811 esse
1007 3770 1065 3811 non
1089 3752 1191 3829 inepte
1213 3758 1336 3812 statuas.

212 3853 326 3914 Eodem
358 3858 475 3931 spectat
508 3855 587 3931 quod
619 3855 703 3930 pueri
733 3872 850 3931 semper
880 3872 979 3913 rerum
1011 3873 1110 3914 coram
1138 3872 1169 3914 se
1201 3862 1334 3915 actarum

213 3957 319 4032 nescii,
350 3957 555 4033 neglegentes,
587 3957 718 4033 pericula
741 3976 801 4016 non
825 3958 981 4033 opinantes
1002 3956 1217 4034 depinguntur.
1261 3959 1333 4017 (lum

213 4059 306 4136 igitur
336 4064 445 4134 poetae
476 4059 521 4117 his
552 4058 668 4117 duabus
698 4077 816 4136 semper
846 4058 1072 4119 recurrentibus
1105 4060 1192 4119 lineis
1225 4078 1336 4138 pueros

212 4162 332 4236 signare
363 4160 441 4220 soliti
472 4161 543 4236 sint,
577 4178 673 4237 neque
703 4161 860 4237 quicquam
892 4161 971 4220 aliud
1000 4162 1035 4220 iis
1059 4162 1194 4237 personis
1217 4179 1336 4238 reprae-

212 4264 380 4322 sentavisse
410 4262 568 4322 videantur
599 4262 654 4321 nisi
684 4252 724 4319 τὸ
745 4253 928 4339 μαλθακὸν
954 4258 1010 4321 καὶ
1036 4251 1076 4321 τὸ
1100 4254 1232 4342 νήπιον,
1265 4263 1335 4324 indo

213 4385 334 4443 quoque
365 4384 467 4427 eorum
499 4366 549 4444 qni
576 4367 605 4423 in
638 4383 777 4425 scaenam
805 4365 981 4442 prodierunt
1015 4385 1175 4444 puerorum
1209 4373 1334 4428 aetatem
