3104 5198
1271 425 1331 486 235

211 602 334 661 tandum
365 618 428 660 esse
452 602 500 659 vel
524 598 593 659 inde
616 603 710 675 potet,
740 597 818 674 quod
841 602 943 674 postea
968 597 997 657 in
1020 603 1105 658 sento
1128 601 1265 661 Hectoris
1287 621 1333 662 se·

212 706 329 782 politur.
375 706 408 764 V.
424 708 485 765 786
518 721 593 780 puer
623 721 678 779 per
699 701 852 778 Talthybii
883 700 1032 763 ministros
1061 702 1211 779 aufertur,
1242 710 1275 764 ut
1297 704 1334 764 de

213 827 298 867 muro
330 807 482 866 deiciatur.
527 807 637 865 Postea
660 802 767 876 (1119)
791 822 900 880 corpus
927 806 1049 881 mortui,
1080 805 1217 866 nimirum
1247 809 1335 867 simu-

212 912 293 970 lacro
316 912 582 986 repraesentatum,
605 908 634 966 in
657 926 793 967 scaenam
818 908 951 967 affertur.

300 1014 404 1071 Restat
431 1013 460 1070 in
485 1005 634 1086 iphigenia
656 1003 807 1071 dulldtnsl
830 1008 951 1071 Orestes
981 1011 1139 1087 parvulus,
1166 1030 1254 1089 quem
1279 1031 1335 1089 ego

214 1115 333 1192 quidem
364 1134 381 1172 a
411 1132 484 1173 vero
514 1131 609 1189 puero
641 1117 896 1189 repraesentatum
927 1131 991 1171 esse
1022 1132 1081 1172 non
1111 1113 1215 1191 crodo;
1247 1122 1336 1192 poeta

215 1219 291 1277 enim
316 1235 381 1276 eum
405 1234 522 1293 semper
545 1216 621 1274 ulnis
645 1214 758 1292 portari
781 1215 886 1274 voluit:
909 1215 946 1274 cs.
970 1233 1016 1274 vv.
1033 1211 1165 1289 eolles:

368 1329 424 1393 καὶ
445 1329 551 1394 παῖδα
572 1324 672 1393 τόνδε
694 1323 756 1392 τὸν
774 1325 1014 1412 Ἀγαμέμνονος
1037 1326 1142 1412 γόνον

368 1422 509 1515 λάζυσθ)
531 1422 697 1517 Ὀρέστην·
722 1426 770 1494 ἔτι
792 1427 855 1515 γάρ
878 1429 947 1495 ἐστι
970 1427 1098 1518 νήπιος,

217 1581 248 1635 et
273 1573 424 1648 1118l19:

706 1662 797 1756 χὺπὸ
819 1686 891 1749 τοῖς
913 1672 1054 1750 πέπλοις
1078 1668 1135 1758 ἄγε

372 1765 511 1855 λαβοῦσ
533 1766 693 1859 Ὀρέστην,
716 1771 777 1839 σὸν
799 1776 1012 1861 κασίγνητον,
1033 1776 1164 1841 τέκνον.

219 1903 307 1963 Adde
331 1902 410 1978 quod
435 1901 594 1980 Euripides
616 1902 697 1962 hunc
720 1921 845 1979 puerum
869 1903 992 1962 consilio
1015 1903 1169 1980 infantem,
1192 1905 1219 1965 h.
1235 1924 1259 1965 e.
1275 1923 1340 1965 ser-

221 2007 315 2065 monis
338 2025 395 2066 non
420 2012 585 2082 compotem
609 2004 707 2065 finxit:
731 2005 768 2066 cl.
791 2024 838 2064 vv.
853 2002 964 2079 deols:

371 2115 492 2203 παρών
514 2110 543 2183 δ’
566 2109 710 2205 Ὀρέστης
733 2114 831 2203 ἐγγὺς
854 2109 1071 2206 ἀναβοήσεται

374 2216 417 2288 ου’
440 2218 562 2287 συνετὰ
584 2224 748 2297 συνετῶς·
772 2219 820 2286 ἔτι
844 2218 906 2306 γάρ
929 2219 998 2287 ἐστι
1021 2218 1149 2306 νήπιος.

222 2352 275 2411 Oui
299 2351 364 2410 loco
396 2348 578 2426 opponenda
607 2353 684 2420 sunt,
708 2367 786 2425 qnae
808 2348 846 2408 de
870 2349 1009 2409 Herculis
1033 2348 1098 2409 filiis
1124 2351 1211 2412 modo
1234 2353 1343 2412 monui.

222 2456 266 2512 Αο
298 2472 335 2512 ne
366 2453 511 2513 actionem
542 2452 702 2511 indicatam
732 2457 833 2528 putes,
862 2470 939 2529 quae
969 2452 1128 2512 abhorreat
1157 2454 1194 2513 ab
1222 2453 1344 2515 infantis

223 2563 343 2624 natura,
367 2574 501 2631 propono
525 2554 576 2614 tibi
599 2572 706 2614 versus
723 2559 896 2630 1241sqq.,
922 2555 1030 2630 quibus
1053 2556 1210 2633 Iphigenia
1232 2557 1346 2618 Orestis

224 2659 351 2736 parvuli,
373 2678 458 2735 quem
482 2659 617 2718 manibus
640 2663 730 2730 tenet,
751 2662 874 2734 aspectu
897 2662 1012 2735 patrem
1030 2677 1216 2719 commovere
1232 2660 1347 2739 studet;

224 2763 325 2821 omnis
348 2761 453 2820 infanti
476 2763 586 2838 optime
609 2761 804 2821 conveniunt:

377 2866 510 2956 ἀδελφέ,
532 2868 650 2958 μικρὸς
671 2875 733 2959 μὲν
756 2872 797 2940 σύ
820 2867 849 2958 γ’
872 2873 1053 2960 ἐπίκουρος
1074 2875 1194 2957 φίλοις,

377 2970 468 3060 ὅμως
491 2977 526 3042 δὲ
548 2974 791 3062 συνδάκρυσον,
815 2975 989 3043 ἱκέτευσον
1010 2971 1140 3062 πατρὸς

378 3077 439 3168 τὴν
462 3077 523 3168 σὴν
545 3071 693 3169 ἀδελφὴν
713 3077 757 3166 μὴ
779 3087 915 3146 θανεῖν·
940 3075 1089 3167 αἴσθημά
1110 3104 1165 3147 τοι

377 3174 442 3247 κοίν
465 3183 598 3268 νηπίοις
619 3206 656 3268 γε
678 3185 749 3248 τῶν
771 3184 887 3247 κακῶν
909 3180 1101 3267 ἐγγίγνεται.

380 3279 455 3350 ἰδοὺ
477 3288 616 3350 σιωπῶν
638 3285 782 3350 λίσσεταί
804 3276 833 3350 σ’
855 3277 907 3351 dd'
929 3278 1100 3371 ὦπάτερ·

226 3432 291 3490 Nee
326 3430 400 3490 mira
433 3431 507 3490 haec
540 3427 656 3491 Orestis
687 3430 825 3491 insontia:
862 3449 990 3507 namquo
1023 3432 1158 3508 sequitur
1191 3433 1349 3510 Euripides

228 3534 345 3592 fabulae
369 3539 402 3593 nt
423 3533 544 3595 videtur
565 3534 690 3595 formam
714 3534 906 3611 sollemnem,
928 3553 989 3611 qua
1012 3535 1191 3594 narrabatur
1213 3535 1349 3596 Orestem

231 3636 314 3696 initio
338 3637 407 3696 belli
421 3637 543 3696 Troiani
565 3636 655 3696 inisse
678 3636 822 3697 infantem
842 3638 872 3697 in
889 3638 992 3696 matris
1008 3638 1087 3696 ulnis
1102 3638 1351 3714 requiescentem:

231 3738 267 3797 cf.
298 3739 363 3816 lph.
378 3741 470 3799 Tanr.
486 3742 545 3800 231
571 3744 601 3800 st
623 3739 761 3802 Or.3ll.
811 3733 937 3799 Videtur
967 3759 1002 3800 eo
1032 3739 1194 3800 Stesichori
1225 3740 1352 3816 vestigia

229 3841 351 3918 legisse,
381 3842 466 3902 euius
495 3844 526 3902 in
556 3844 687 3904 carmine
716 3847 925 3921 argumentum
955 3841 1028 3902 illud
1059 3861 1232 3920 expressum
1260 3844 1352 3904 luisse

232 3946 382 4022 suspicor,
406 3943 556 4022 Orestem,
578 3947 628 4021 qni
650 3945 733 4006 initio
757 3945 826 4006 belli
849 3945 946 4006 inians
967 3947 1078 4005 stultus
1101 3945 1218 4023 suimet,
1240 3947 1350 4006 sensim

229 4048 266 4106 ad
298 4048 427 4108 officinm
458 4067 545 4109 suum
576 4049 695 4110 ultionis
726 4048 969 4126 cognoscendum
1001 4048 1223 4110 corroboratum
1247 4066 1321 4109 esse.
1331 4047 1352 4121 ¹)

317 4232 336 4296 ¹)
355 4228 395 4284 Cf.
406 4228 476 4284 Stes.
490 4227 542 4298 lrg.
555 4235 597 4298 4¹3
614 4235 736 4285 ceterum
754 4229 915 4296 Robertum,
933 4228 995 4284 Blld
1013 4228 1069 4283 und
1086 4228 1163 4297 Lied,
1180 4244 1208 4297 p.
1223 4233 1270 4283 149
1282 4245 1354 4298 sqq„

232 4315 377 4383 praecipue
396 4331 422 4383 p.
438 4321 493 4370 178.
512 4346 545 4354 —
562 4314 594 4369 lu
613 4315 719 4386 scypho
738 4315 869 4386 quedam,
888 4332 915 4385 q.
929 4315 955 4369 d.
974 4314 1158 4383 Homericum,
1176 4315 1203 4368 in
1221 4330 1276 4383 quo
1294 4316 1355 4383 ipss

232 4401 276 4454 illa
294 4418 329 4455 ex
347 4401 411 4454 Eur.
423 4400 482 4470 lph.
501 4417 601 4457 secena
623 4401 687 4458 ficto
710 4408 769 4470 ert,
794 4401 906 4457 Orestes
928 4406 1019 4457 aetate
1036 4400 1130 4471 paullo
1146 4406 1296 4470 provectus
1313 4416 1354 4456 re·

282 4506 344 4546 nra.
358 4505 410 4545 1121.
424 4503 486 4546 xnr.
1153 4508 1185 4560 ιο
