3104 5198
1163 393 1224 451 289

99 558 268 634 propterea
290 556 387 617 miuus
410 560 517 634 agunt,
540 557 609 633 quia
632 558 761 617 minores
784 561 854 617 uatu
878 558 1077 618 suut-lam
1100 561 1133 619 ut
1154 559 1229 618 haec

100 659 205 719 omnia
227 659 525 737 comprehendamus,
554 678 664 720 morem
688 660 778 734 iilum,
801 661 829 720 iu
852 659 1008 737 tragoedia
1030 664 1120 738 certe,
1150 663 1227 722 viam

99 761 255 838 quandam
285 767 420 823 secutum
451 780 517 823 esse
546 766 672 840 constat,
702 764 731 823 in
762 781 821 839 qua
844 764 894 823 via
916 762 945 823 hi
969 764 1038 823 anni
1062 764 1146 839 quasi
1170 767 1228 823 ter·

100 864 176 925 mini
190 865 343 926 statuendi
367 871 451 926 suut:
475 868 548 942 438,
568 868 640 937 430,
662 867 733 936 421,
757 869 827 927 415.
871 865 991 927 Scilicet
1005 866 1100 941 prima
1121 870 1230 943 aetate,

100 966 283 1044 simulatque
316 986 379 1028 mos
409 972 455 1028 cst
486 968 633 1039 inductus,
662 969 691 1028 iu
723 986 836 1028 summa
858 967 913 1027 fuit
936 969 1033 1045 gratia
1055 968 1229 1046 ethonore,

101 1067 215 1129 deinde
237 1069 341 1146 paullo
364 1074 410 1128 est
425 1087 592 1147 repressus,
615 1062 713 1130 donec
735 1070 823 1146 plane
847 1073 892 1129 est
914 1069 1055 1130 abiectus.
1077 1100 1120 1108 -
1143 1070 1228 1144 Quae

100 1171 152 1231 lex
183 1189 250 1231 cum
281 1190 318 1231 ex
342 1172 531 1249 Euripidis
555 1172 680 1232 maxime
703 1171 812 1232 fabulis
835 1173 874 1232 sit
896 1174 1034 1249 repetita,
1066 1178 1164 1232 tamen
1189 1190 1227 1232 ne

101 1272 329 1351 Sophocleac
353 1272 484 1351 quidem,
506 1274 544 1334 de
560 1293 685 1350 quarum
710 1273 829 1351 quidem
853 1275 1038 1352 temporibus
1061 1275 1134 1335 satis
1157 1293 1226 1335 cou-

103 1379 172 1448 stat,
202 1377 229 1437 ei
260 1377 444 1453 obstrepunt.
488 1376 574 1436 Adde
606 1377 686 1454 quod
717 1377 791 1437 tales
821 1395 917 1437 mores
947 1376 1075 1437 scaenici
1106 1396 1165 1438 uon
1188 1378 1227 1437 ab

102 1479 201 1539 altero
222 1483 352 1553 tautum,
381 1479 433 1538 sed
464 1478 500 1538 ub
532 1482 659 1555 utroque
688 1483 779 1556 poeta
800 1479 886 1538 simul
908 1479 1043 1539 solebant
1065 1479 1227 1550 observari,

103 1599 171 1641 cum
193 1581 271 1641 alter
290 1586 404 1642 tautum
421 1599 523 1641 eorum
547 1586 652 1641 auctor
674 1586 761 1641 esset.
805 1581 940 1642 Comicus
963 1600 1084 1659 quoque
1106 1599 1226 1660 pucros,

102 1688 178 1760 quot
196 1675 318 1760 quidem
335 1685 397 1743 uoti
412 1688 491 1757 suut,
506 1684 668 1744 convenire
692 1702 758 1743 eum
780 1684 837 1744 hac
860 1703 947 1761 quam
969 1684 1136 1744 invenimus
1159 1686 1225 1760 lege

102 1803 196 1863 supra
218 1785 454 1845 demonstratum
478 1791 532 1845 cst.
555 1816 594 1826 —

188 2092 249 2154 Sed
265 2095 324 2153 iam
339 2094 440 2170 paullo
456 2094 545 2154 altius
560 2093 589 2154 iu
606 2098 760 2171 poetarum
777 2094 898 2171 iugenio
917 2099 1007 2172 atque
1031 2097 1225 2170 cogitationes

102 2201 264 2274 penetrare
287 2215 441 2273 conemur,
471 2200 516 2269 ut,
546 2197 658 2257 simodo
681 2198 845 2275 continget,
867 2217 955 2274 quem
979 2199 1008 2258 in
1032 2198 1150 2259 modum
1173 2217 1226 2259 eas

99 2303 205 2376 partes
235 2298 401 2359 fabularum
432 2300 573 2376 propriae
604 2299 712 2359 actioni
736 2300 931 2376 inseruerint,
960 2319 1048 2377 quem
1071 2301 1167 2360 locum
1189 2302 1225 2360 iis

99 2402 265 2461 memeutis
280 2401 310 2460 iu
326 2402 396 2461 totis
412 2400 634 2478 tragoediarum
651 2401 793 2462 aedificiis
813 2402 979 2477 tribuerint,
1000 2402 1224 2479 perspiciamus.

100 2504 173 2564 Nou
213 2503 278 2563 siue
319 2504 434 2564 ratione
475 2503 596 2579 quidam
630 2504 699 2563 mibi
734 2505 896 2564 coniecisse
929 2504 1086 2580 videntur,
1119 2510 1224 2581 poetas

100 2625 137 2668 eo
181 2607 282 2684 potius
328 2608 450 2668 consilio
489 2605 614 2667 artificio
648 2606 700 2667 illo
737 2624 807 2667 usos
841 2625 920 2683 esse,
957 2612 991 2667 ut
1025 2609 1222 2684 spectantium

100 2708 248 2785 uoluptati
279 2710 473 2784 inservirent,
503 2729 591 2787 quam
621 2728 697 2768 uuas
726 2709 755 2768 iu
787 2708 999 2785 componendis
1023 2709 1130 2769 fabulis
1152 2711 1225 2769 artis

104 2811 187 2887 leges
209 2817 343 2882 secutos3
366 2812 448 2872 velut
463 2813 520 2872 hoc
537 2811 640 2888 negari
657 2811 773 2888 nequit,
795 2811 834 2871 ad
850 2811 1081 2871 misericordiam
1105 2829 1224 2871 moven-

101 2913 168 2974 dam
193 2933 295 2975 omues
318 2914 379 2974 iere
402 2916 532 2992 tragicos
555 2933 672 2990 pueros,
701 2932 753 2974 eos
776 2915 909 2984 maxime,
939 2914 990 2990 qui
1014 2919 1132 2990 canant,
1158 2932 1224 2975 esse

101 3021 198 3094 aptos.
241 3018 328 3077 Talia
359 3036 431 3078 vero
462 3018 632 3094 spectacula
663 3016 837 3094 plebeculae
870 3018 995 3076 maxime
1024 3034 1142 3093 semper
1163 3017 1224 3093 pla·

100 3123 238 3179 cnerunt.
282 3119 407 3179 Accedit
429 3119 508 3196 quod
530 3121 632 3197 pueris
655 3120 838 3195 potissimum
860 3119 1001 3179 adhibitis
1023 3123 1130 3196 poetae
1152 3137 1224 3179 sane

100 3221 279 3283 artificiosas
306 3222 540 3299 splendidasque
563 3240 689 3282 scaenae
711 3223 855 3300 imagines
879 3239 1058 3299 componere
1081 3223 1224 3294 sciebant,

100 3325 141 3385 ita
174 3329 206 3385 ut
236 3343 346 3403 pueros
376 3343 448 3385 sane
479 3326 550 3386 meri
582 3325 748 3386 ornamenti
772 3344 863 3386 causa
886 3325 1025 3385 inductos
1048 3343 1113 3384 esse
1136 3324 1224 3385 facile

100 3428 154 3488 tibi
193 3428 383 3505 persuadeas.
443 3428 532 3489 Tales
569 3446 645 3504 quas
678 3427 746 3487 dico
783 3428 928 3504 imagines
967 3445 1027 3486 nou
1070 3444 1146 3502 opus
1179 3432 1224 3487 est

99 3530 237 3607 singulas
252 3531 372 3590 afferre:
395 3532 502 3590 Moneo
519 3529 556 3589 de
579 3530 630 3589 illa
644 3548 760 3604 scaeua,
783 3548 843 3606 qua
858 3529 1039 3589 Alcestidem
1062 3529 1224 3605 aspicimus

100 3633 319 3707 moribundam,
352 3634 382 3691 iu
417 3632 552 3692 cubiculo
585 3633 746 3708 iacentem,
778 3631 932 3691 adstantes
965 3631 1124 3691 Admetum
1158 3649 1222 3690 oum

99 3734 216 3809 liberis,
246 3737 297 3812 qui
329 3734 524 3811 desperantes
553 3733 591 3793 ad
623 3735 730 3794 lectum
753 3734 985 3811 procumbentes
1012 3733 1098 3792 uratri
1121 3752 1223 3793 manus

101 3839 267 3914 porrigunt.
304 3837 388 3911 Quae
411 3854 520 3896 scaena
550 3856 637 3913 quam
669 3838 741 3896 scite
770 3837 810 3896 sit
838 3836 1036 3912 spectantium
1060 3836 1154 3896 oculis
1176 3854 1224 3896 ac·

79 3921 299 4010 commodata,
332 3939 379 3999 vei
409 3939 477 3998 inde
507 3945 647 4016 apparet,
680 3939 760 4016 quod
791 3956 855 3998 eam
886 3939 1060 4015 saepissime
1091 3938 1120 3997 iu
1151 3939 1224 3998 artis

100 4042 299 4102 monumentis
329 4060 502 4119 expressam
526 4041 669 4101 videmus.
714 4039 794 4101 idem
819 4042 901 4100 valet
924 4040 960 4099 de
984 4043 1066 4099 certo
1089 4040 1222 4117 quodam

99 4162 277 4204 scaenarum
293 4162 412 4220 genere,
435 4143 514 4220 quod
532 4143 692 4220 Euripides
707 4143 893 4223 potissimum
910 4143 938 4202 in
955 4140 1069 4202 deliciis
1084 4141 1224 4202 habuisse

99 4245 229 4322 videtur,
252 4246 366 4305 scilicet
396 4244 477 4323 quod
508 4246 659 4323 supplices
686 4263 796 4323 pueros
826 4264 892 4305 cum
917 4244 1062 4304 matribus
1084 4249 1137 4304 aut
1158 4245 1223 4305 aliis

100 4348 261 4410 maioribus
277 4352 350 4409 natu
366 4347 405 4408 ad
420 4366 501 4408 aram
526 4348 682 4409 considere
704 4366 794 4427 saepe
817 4348 911 4409 iussit
955 4346 1042 4422 Quod
1065 4346 1224 4408 artificium
