3104 5198
327 363 388 423 248

327 533 448 594 dilatem
470 533 500 594 iu
518 553 612 594 uxore
629 538 658 594 ct
673 533 766 594 fratre
789 535 933 612 expleret,
955 536 983 595 in
1008 555 1043 595 ea
1066 535 1170 595 fabula
1193 552 1365 613 expressum
1382 549 1448 593 esse

328 637 479 713 rideatur,
509 640 555 698 cui
588 638 743 714 cupiditati
774 656 810 696 en
833 657 927 715 usque
951 638 1135 714 indulgeret,
1158 638 1254 698 donee
1277 639 1361 698 solus
1384 638 1448 695 iere

326 759 363 800 ex
387 745 449 800 tota
471 746 560 816 gente
581 741 813 817 relinqueretur,
835 745 880 800 ιοι
901 742 1053 817 tantIsque
1073 741 1238 801 sceleribus
1257 745 1391 811 onustus,
1415 743 1449 797 ut

326 843 373 902 vel
397 841 444 901 dei
467 842 596 902 taedium
620 860 704 902 surum
728 850 830 920 aperte
853 843 1055 914 ostenderent,
1078 844 1142 921 ipse
1165 862 1253 917 rere,
1277 849 1310 901 ιιι
1330 843 1449 917 opinor,

326 946 467 1005 miraculo
480 946 530 1005 illo
544 947 730 1023 perterrItus,
745 947 774 1004 in
791 964 934 1006 summam
950 966 1049 1006 rerum
1066 953 1218 1023 gestarum
1236 946 1447 1022 paenitentiam

326 1047 505 1107 concideret
538 1079 579 1088 —
610 1050 643 1108 In
678 1049 865 1125 „Thyestis“,
903 1069 1029 1125 quarum
1060 1049 1182 1109 alterius
1210 1050 1289 1108 actio
1319 1048 1448 1125 Sicyone

325 1150 433 1227 fiebat,
475 1149 640 1229 Sophocles
678 1170 801 1227 prorsus
839 1153 896 1211 ulia
933 1159 1111 1231 argumenta
1147 1149 1326 1223 tractavit,¹)
1369 1168 1447 1227 quae

327 1255 464 1331 Hyginus
499 1252 557 1313 fab.
581 1253 765 1313 LXXXVIII
796 1273 939 1315 enarrare
963 1254 1097 1326 videtur;
1132 1260 1291 1333 propterea
1325 1270 1447 1329 quoque

325 1358 462 1435 suspicer
491 1375 554 1416 eum
585 1352 670 1432 prius
698 1357 771 1417 illud
803 1358 840 1417 de
870 1357 983 1419 discidii
1014 1359 1096 1418 initio
1120 1363 1344 1433 argumentum,
1366 1355 1447 1431 qnod

325 1459 355 1518 iu
376 1462 473 1538 capite
489 1460 611 1520 fabulae
628 1462 735 1537 posuit,
751 1461 922 1521 brevissime
938 1467 1050 1521 tantum
1068 1467 1201 1538 tangere,
1216 1462 1281 1519 scil.
1298 1464 1330 1519 ut
1346 1478 1448 1518 rerum

326 1580 472 1622 conexum
496 1567 675 1639 exponerct3
698 1569 800 1623 cetera
823 1564 899 1623 enlm
924 1564 998 1623 satis
1022 1563 1087 1623 fuse
1104 1568 1213 1622 narrat.
1239 1594 1278 1603 —
1304 1562 1450 1623 Brevitati

325 1665 504 1725 scholiastae
533 1666 723 1725 tribuendum
756 1665 893 1742 ridetur,
922 1666 1003 1743 quod
1027 1686 1086 1727 non
1110 1671 1226 1736 narrat,
1250 1685 1308 1743 qua
1331 1667 1449 1725 ratione

325 1768 437 1828 Atreus
466 1769 623 1846 Imperium
653 1771 893 1846 recuperaverit:
928 1789 994 1830 cum
1022 1771 1097 1829 euim
1122 1771 1150 1829 in
1174 1768 1325 1846 primitiva
1347 1767 1450 1827 fabula

325 1870 383 1931 hoc
406 1870 503 1949 fuerit,
527 1891 593 1931 eum
617 1873 720 1933 alore
739 1872 814 1949 ipso,
838 1872 930 1932 solem
947 1871 1066 1949 regredi
1082 1872 1211 1946 iubente,
1234 1876 1268 1931 ut
1282 1872 1448 1947 IegItimum

325 1993 426 2051 regem
451 1975 638 2051 designatum
661 1992 737 2046 esse,
761 1976 791 2034 in
808 1975 977 2053 Sophoclea
999 1974 1108 2050 fabula,
1132 1977 1160 2034 in
1184 1993 1244 2050 qua
1266 1974 1340 2033 illud
1362 1975 1450 2032 mira·

325 2078 423 2136 culum
450 2079 664 2155 transpositum
694 2082 775 2153 crat,
805 2097 884 2137 nova
910 2078 987 2137 ratio
1011 2077 1185 2153 capessendi
1210 2078 1324 2152 imperii
1349 2077 1449 2153 requi-

325 2180 408 2240 ritur.
462 2179 496 2239 ld
527 2181 595 2240 mihi
627 2181 809 2240 reiciendum
841 2180 978 2258 videtur,
1008 2181 1133 2240 eandem
1171 2199 1256 2257 qnam
1288 2179 1449 2255 EurIpides

325 2283 500 2359 Sophoclem
514 2262 659 2343 rationem
673 2278 855 2360 adhibuisse,
871 2302 977 2361 nempe
995 2289 1026 2343 ut
1038 2287 1161 2343 Atreum
1180 2302 1231 2360 per
1247 2301 1329 2342 suam
1345 2301 1448 2342 rerum

325 2386 496 2445 caelestium
540 2387 741 2462 cognitionem
779 2405 905 2463 regnum
939 2387 1080 2463 adeptum
1114 2404 1180 2446 esse
1213 2386 1345 2462 lingeret.
1402 2386 1449 2444 lta

326 2490 403 2547 enim
434 2489 510 2548 idem
542 2489 579 2550 de
610 2489 680 2549 solis
703 2507 842 2565 regressu
866 2496 1074 2566 argumentum
1097 2490 1142 2548 his
1165 2489 1194 2548 in
1218 2489 1322 2548 cadem
1345 2488 1448 2547 fabula

324 2592 380 2650 sub
404 2590 529 2652 dirersis
551 2591 654 2653 formis
677 2593 864 2652 occurrisset.
909 2593 1001 2651 Immo
1025 2611 1060 2652 ea
1079 2593 1254 2662 testimonia,
1278 2591 1358 2650 unde
1373 2589 1448 2650 illud

324 2694 464 2753 concludi
488 2696 599 2772 possit,
628 2694 665 2753 ad
693 2695 880 2772 ,Thyestas“
904 2694 1078 2755 reserandas
1102 2712 1225 2771 censeo,
1248 2694 1304 2754 nisi
1327 2695 1448 2753 omniuo

324 2796 482 2874 Sophoclis
513 2816 619 2858 nomen
651 2817 705 2875 per
735 2816 866 2857 errorem
898 2816 952 2874 pro
976 2797 1127 2873 Euripidis
1157 2797 1284 2872 positum
1316 2802 1376 2856 est:
1410 2794 1450 2854 ef.

325 2897 415 2976 Soph.
439 2900 495 2977 frg.
521 2901 578 2959 inc.
600 2905 660 2962 671
685 2905 715 2960 et
745 2904 806 2961 672
838 2919 904 2959 cum
932 2905 1004 2960 nota
1027 2900 1134 2959 Achill.
1156 2900 1231 2959 Tat:
1268 2895 1450 2978 Σοφοκλῆς

326 2995 362 3060 δὲ
393 2993 439 3071 εἰς
462 2987 574 3080 Ἀτρέα
603 2993 667 3080 τὴν
696 2988 827 3080 εὕρεσιν
856 2999 929 3079 (τῆς
951 2987 1185 3079 ἀστρονομίας)
1215 2986 1384 3079 ἀναφέρει.
1405 3031 1450 3040 -

326 3105 387 3164 Iam
403 3106 453 3164 via
465 3104 522 3165 hoc
538 3105 626 3165 modo
642 3104 792 3183 patefacta
808 3110 955 3182 quatenns
972 3106 1079 3165 ceteris
1095 3104 1131 3165 de
1148 3110 1277 3181 utraque
1291 3103 1450 3180 tragoedia

324 3208 501 3268 testimoniis
534 3208 673 3268 adhibitis
704 3209 845 3286 progredi
879 3211 1044 3285 possImus,
1076 3208 1239 3267 videamus.
1283 3205 1449 3267 Ribbechic

326 3317 356 3371 et
385 3310 565 3379 Straussio²I
596 3311 817 3391 astIpulandum
849 3319 911 3387 est,
945 3313 1072 3372 Ennium
1106 3310 1293 3387 Euripidem,
1324 3311 1447 3370 Accium

325 3414 503 3489 Sophoclem
527 3420 660 3475 secutum
685 3433 757 3487 esse,
786 3413 865 3490 quod
890 3415 1038 3474 etiamen
1065 3413 1212 3490 firmatur,
1234 3413 1315 3489 quod
1338 3414 1449 3472 Accius

325 3535 445 3594 quoque
461 3516 539 3578 Solis
562 3535 731 3594 regressum
755 3523 823 3593 post
845 3535 948 3576 cenam
964 3516 1147 3592 Thyesteam
1170 3516 1267 3591 posuit
1290 3513 1338 3588 (fr.
1355 3512 1449 3585 XIII).

325 3620 445 3680 Certum
469 3620 524 3680 hoe
548 3620 676 3697 videtur,
698 3620 776 3697 apud
800 3619 973 3697 Euripidem
989 3620 1153 3695 Thyestem
1177 3618 1246 3678 licta
1269 3623 1448 3695 paupertate

326 3727 416 3798 atque
455 3724 575 3783 miseria
607 3724 772 3802 supplicem
814 3741 880 3782 cum
916 3721 983 3782 liliis
1018 3721 1056 3780 ad
1091 3722 1211 3781 tratrem
1246 3722 1363 3780 venisse
1396 3718 1449 3793 (cl.

326 3824 464 3896 Strauss,
488 3827 547 3885 Ic.
569 3844 598 3902 p.
616 3822 736 3901 obibo).
781 3828 886 3902 ltaque
916 3825 972 3885 hoc
995 3825 1263 3902 probabilissimum
1287 3829 1347 3894 est,
1378 3810 1473 3882 eum*

325 3929 411 3988 initio
433 3929 550 3989 tabulae
574 3927 615 4002 (iu
637 3926 776 4006 prologo)
799 3947 865 3988 cum
888 3928 956 3988 finis
980 3927 1118 3987 adaram
1135 3927 1213 3987 lovis
1236 3924 1285 3999 (cf.
1301 3926 1356 4004 Ep.
1373 3925 1450 3984 Vata·

326 4021 382 4090 iat
411 4021 473 4090 τὸν
503 4020 579 4102 Διὸς
608 4022 733 4110 βωμόν,
763 4037 793 4093 et
820 4031 877 4109 frg.
899 4032 1063 4091 Enn.VII:
1096 4031 1205 4108 Aspice
1236 4030 1292 4089 hoc
1322 4027 1451 4089 sublime

413 4266 435 4332 ¹)
453 4263 495 4319 Cf.
512 4266 662 4334 superioris
681 4266 798 4335 paginae
816 4271 912 4320 notam
931 4270 954 4320 2.

410 4353 433 4420 ¹)
452 4352 474 4404 L
494 4368 526 4418 c,
545 4366 572 4419 p.
585 4357 685 4420 58sqq.
