3104 5198
1286 405 1347 461 269

212 581 286 624 com
320 565 389 625 filiis
428 568 592 644 periculum
626 573 741 629 veritus
782 573 910 631 retinere
951 577 1085 631 conatur.
1141 572 1276 631 Certiora
1311 571 1347 630 de

214 685 385 744 puerorum
410 671 547 746 partibus
570 670 670 732 dicere
694 692 753 733 non
778 674 856 732 licet.

305 771 369 830 lam
392 765 539 848 Antigona
562 774 722 851 Euripidae
746 775 871 852 propina
894 774 1127 851 contemplanda
1149 781 1202 834 est.
1246 774 1348 851 Suspi-

214 875 306 932 cctur
338 875 417 933 enim
449 874 528 934 forte
558 878 706 954 quispiam
742 896 864 952 puerum
893 877 922 936 in
951 896 986 937 ea
1013 877 1167 953 prodiisse,
1201 876 1347 953 siqnidem

213 992 254 1033 ex
288 981 479 1053 argumento,
511 978 593 1054 quod
623 980 842 1056 Aristophanes
872 981 1033 1057 Byzantius
1055 979 1241 1057 Sophocleae
1263 980 1350 1038 Anti·

213 1095 318 1154 gonae
334 1079 486 1156 praefixit,
503 1081 612 1140 scimus
628 1082 707 1158 apud
726 1082 897 1159 Euripidem
914 1083 1093 1159 Antigonam
1111 1101 1176 1142 cnm
1194 1083 1348 1142 Haemone

214 1183 431 1242 commercium
464 1184 621 1244 habentem
653 1185 844 1262 deprensam,
879 1184 988 1245 deinde
1018 1185 1045 1243 ei
1075 1187 1104 1244 in
1129 1184 1347 1244 matrimonium

215 1281 338 1357 datam,
371 1303 409 1343 ex
432 1304 492 1360 quo
524 1286 663 1361 coniugio
691 1286 768 1346 filius
789 1287 924 1345 Haemon
948 1286 1027 1361 (loge
1051 1283 1171 1357 hlaeon)
1194 1290 1278 1344 ortus
1301 1287 1348 1345 sit.

214 1383 382 1458 Quomodo
407 1406 444 1446 ex
468 1387 525 1447 hoc
545 1393 721 1464 argumento
738 1388 893 1465 tragoedia
910 1395 1063 1447 exstructa
1086 1390 1131 1463 sit,
1153 1407 1190 1449 sn
1207 1390 1264 1448 hac
1280 1388 1349 1448 exili

215 1487 366 1547 memoria
390 1492 531 1566 cognosci
556 1508 614 1549 non
639 1496 754 1566 posset,
786 1492 841 1550 nisi
864 1491 922 1549 iam
949 1489 1124 1550 Welcherus
1146 1491 1211 1551 iore
1235 1491 1348 1567 Hygini

212 1586 353 1648 tabulam
380 1592 490 1650 LXXII
521 1593 558 1651 ad
590 1592 828 1669 recuperandum
854 1592 1034 1670 Euripideae
1061 1593 1236 1670 tragoediae
1259 1611 1348 1670 argu·

213 1697 353 1751 mentum
384 1693 579 1753 adhibuisset.
624 1695 761 1772 Denique
792 1692 1016 1770 hl.ldayerus¹)
1047 1696 1167 1754 omnino
1197 1701 1278 1753 recte
1311 1694 1348 1753 dc

212 1798 281 1853 tota
312 1796 471 1872 tragoedia
502 1797 678 1875 disputavit,
711 1799 836 1874 primum
868 1798 919 1856 ille
945 1796 1111 1872 affirmans,
1141 1797 1264 1856 tractari
1289 1815 1346 1856 non

211 1893 295 1955 idem
329 1897 413 1973 quod
445 1899 525 1974 apud
550 1899 725 1976 Sophoclem
759 1907 966 1977 argumentum
999 1899 1049 1973 (de
1072 1900 1166 1959 vetita
1193 1900 1348 1976 sepultura

212 2015 361 2075 quaeque
393 2000 584 2078 sequuntur),
616 2003 668 2062 sed
697 2002 842 2062 actionem
874 2002 938 2061 fieri
968 2021 1003 2061 eo
1031 2007 1173 2078 ternpore,
1206 2002 1347 2076 quoiam

212 2098 341 2161 adultus
374 2103 544 2179 Antigonae
574 2112 603 2163 et
634 2107 793 2165 Haemonis
823 2104 901 2164 filius
934 2107 962 2164 in
992 2104 1072 2163 ludis
1095 2106 1193 2163 victor
1223 2104 1260 2162 ab
1290 2121 1347 2161 aro

212 2210 470 2278 cognosceretur.
515 2207 580 2266 Hoc
603 2208 679 2267 enirn
704 2214 807 2266 narrat
830 2208 981 2283 Hyginus:
1008 2208 1222 2280 „Haemonem‚
1245 2223 1347 2280 quarn-

212 2304 261 2379 yis
284 2307 327 2364 sit
351 2307 451 2367 iussus
473 2308 653 2385 Antigonam
686 2310 862 2384 interficere,
894 2314 991 2369 tamen
1023 2327 1086 2367 earn
1118 2314 1266 2367 servatam
1294 2306 1347 2366 sibi

213 2407 364 2479 iunxisse,
389 2428 449 2484 (roo
473 2429 509 2469 ex
534 2412 671 2486 coniugio
688 2412 792 2470 blason
817 2418 900 2470 ortus
924 2413 969 2468 sit.
1008 2411 1116 2484 Quem,
1138 2429 1202 2468 cunr
1228 2409 1349 2467 Thebae

214 2509 381 2584 profectus
399 2512 553 2571 victoriam
578 2514 606 2571 iu
631 2515 792 2571 certamine
815 2513 934 2589 publico
957 2513 1164 2589 reportaverit,
1185 2531 1201 2568 a
1219 2511 1349 2570 Creonte

213 2629 276 2671 avo
314 2617 350 2670 ut
385 2620 524 2689 nepotem
556 2633 620 2673 esse
651 2617 797 2690 agnitum,
828 2615 972 2690 simulque
1005 2620 1125 2673 matrem
1157 2613 1347 2689 Antigonam.

214 2711 268 2772 Cui
294 2714 380 2789 quod
405 2717 584 2792 supplicium
602 2717 678 2775 Creo
702 2717 881 2792 imposuerit,
905 2716 1061 2774 Herculem
1080 2715 1191 2773 irrrstra
1207 2719 1346 2773 conatum

215 2832 284 2874 esse
309 2817 483 2892 prohibero.
514 2820 695 2878 Haemonem
712 2838 742 2877 sc
757 2823 786 2876 ct
802 2819 981 2893 Antigonam
1005 2816 1218 2876 inter·iccisse.“
1259 2817 1348 2875 Hunc

215 2916 343 2978 fabulae
368 2918 467 2996 tinem,
490 2940 550 2997 quo
574 2921 684 2981 frustra
701 2922 847 2980 Hercules
870 2921 1072 2979 intercessione
1094 2920 1211 2988 dicitur,
1234 2919 1347 2993 Hygini

216 3026 420 3081 commentum
453 3042 518 3082 esse
543 3025 683 3101 Maycrns
713 3023 842 3082 ostendit
863 3021 896 3094 (l.
912 3042 937 3079 c.
960 3041 988 3098 p.
1001 3018 1123 3095 74l75);
1158 3023 1245 3079 immo
1274 3020 1348 3078 Her·

217 3122 313 3182 colem
346 3125 517 3185 aCreontc
547 3127 731 3201 impetrasse,
762 3129 793 3183 ut
815 3125 966 3200 Antigona
996 3129 1117 3182 servata
1139 3122 1284 3181 Haemoni
1317 3123 1346 3179 in

218 3227 442 3287 matrimonium
467 3228 600 3287 daretur.
645 3229 704 3286 lam
728 3227 867 3302 cognovit
890 3227 1031 3302 Mayerus
1055 3225 1111 3302 srg.
1127 3230 1200 3286 168:

376 3333 518 3425 ὀνόματι
540 3337 692 3425 μεμπτὸν
715 3334 754 3403 τὸ
778 3337 896 3417 νόθον,
920 3328 940 3426 ἡ
964 3332 1062 3420 φύσις
1086 3329 1114 3402 d'
1130 3337 1184 3423 ἴση

219 3466 254 3527 dc
270 3469 403 3526 Maeona
426 3469 491 3543 ipso
515 3465 747 3542 intellegendum
765 3485 837 3540 esso,
860 3467 939 3540 quia,
962 3483 1027 3523 cum
1046 3483 1083 3523 ex
1100 3465 1224 3522 humero
1241 3462 1347 3522 dextro

220 3587 293 3644 puer
319 3577 353 3627 ut
377 3569 545 3629 Oreorrteus
576 3575 676 3644 posset
706 3568 858 3641 cognosci,
889 3573 987 3624 tamen
1019 3583 1084 3623 curn
1115 3570 1207 3623 mater
1229 3565 1347 3640 ignora-

220 3678 310 3744 retur,
347 3671 476 3746 primum
508 3672 628 3746 spurius
659 3668 813 3726 habendus
843 3672 916 3725 erat.
971 3667 1086 3725 Prodiit
1117 3666 1208 3740 igitur
1238 3665 1267 3724 in
1299 3665 1349 3723 illa

221 3772 326 3833 fabula
350 3792 440 3850 puer,
463 3775 512 3848 qui
537 3773 698 3831 certamino
722 3770 840 3846 publico
863 3769 942 3839 vicit,
965 3770 1006 3826 ita
1027 3775 1059 3827 ut
1075 3768 1137 3826 sere
1153 3770 1208 3826 iarn
1226 3767 1350 3826 adultus

221 3874 363 3935 rideatur
388 3874 491 3934 finisse.
528 3875 557 3933 Si
581 3880 677 3932 autern
703 3872 824 3930 vascula
846 3891 890 3947 oa,
913 3889 990 3946 qrrao
1014 3869 1206 3947 Euripideam
1230 3876 1348 3945 tragoe-

223 3977 299 4037 diam
326 3979 499 4053 exprimere
523 3977 671 4045 videntur,
695 3975 859 4050 aspicimus,
883 3992 960 4048 eum,
982 3979 1015 4031 ut
1038 3974 1154 4031 Graeca
1177 3991 1251 4031 voce
1275 3979 1351 4049 utar,

221 4071 353 4160 ἔφηβον
379 4079 573 4156 cogitandum
598 4096 662 4137 esse
690 4076 845 4136 cernimus.
890 4077 1053 4134 Praeterea
1076 4077 1203 4134 libenter
1227 4076 1348 4152 hlayero

223 4184 370 4243 assentior
405 4181 548 4241 statuenti
588 4198 711 4256 puerum
751 4196 869 4237 causam
904 4195 988 4236 snam
1029 4179 1058 4236 in
1092 4195 1202 4236 scaena
1232 4178 1350 4237 sortiter

307 4364 328 4431 ¹)
347 4363 391 4416 De
410 4360 549 4428 Euripidis
568 4358 752 4427 mythopoeia,
770 4357 859 4410 Berol.
878 4360 948 4422 1883,
968 4373 993 4425 p.
1006 4362 1109 4426 itsqq.

1147 4460 1194 4512 18*
