3104 5198
1189 443 1250 504 aba

126 617 250 692 gatores
271 630 342 674 suos
363 613 559 675 vehementer
581 614 676 690 laesit,
698 613 839 690 turbarit,
860 613 890 672 in
906 630 1016 673 scaena
1030 611 1097 688 ipsa
1113 611 1251 672 nimirum

126 734 160 776 se
183 733 285 776 verum
308 716 403 792 patris
432 714 525 776 lilium
555 714 709 791 protessus
739 721 921 793 postremum
949 713 1018 775 forti
1042 716 1141 775 animo
1165 714 1251 774 morti

128 817 246 879 obviam
269 816 330 877 ivit

215 921 346 981 Puerum
370 920 502 981 eiusdem
526 920 589 982 iere
611 921 730 997 aetatis,
759 938 800 981 sc.
822 938 919 998 paene
941 920 998 979 iam
1023 919 1254 996 adulescentem,

130 1022 236 1083 merito
251 1014 379 1084 Troilum
403 1022 600 1101 Sophocleum
624 1023 841 1099 intellegemus,
865 1022 977 1099 qnippe
1000 1039 1086 1098 quem
1110 1027 1199 1099 poeta
1221 1022 1251 1081 in

128 1126 307 1202 cognomine
329 1125 434 1185 tabula
456 1129 489 1185 nt
503 1123 633 1185 amatum
650 1124 688 1184 ab
704 1124 821 1184 Achille
837 1123 997 1195 induxerit,
1021 1125 1126 1201 quales
1140 1140 1253 1202 pueros

128 1229 228 1287 aetate
257 1227 358 1305 paullo
389 1228 594 1303 provectiores
621 1226 715 1286 inisse
742 1229 867 1286 constat.
911 1226 952 1286 At
973 1225 1109 1302 impubes
1132 1226 1252 1287 omnino

128 1331 158 1389 in
191 1329 310 1407 vulgari
339 1328 481 1390 memoria
511 1328 669 1406 cogitator,
700 1327 737 1387 cf.
759 1326 943 1404 testimonia,
975 1346 1053 1405 qnae
1075 1325 1254 1388 Welclseros

130 1432 293 1510 congessit,
315 1431 366 1493 Gr.
381 1431 473 1508 Trag.
490 1432 511 1503 1,
529 1435 590 1492 134
602 1448 647 1508 sq.
691 1431 770 1491 idem
802 1430 852 1490 ille
882 1429 996 1507 primos
1024 1448 1087 1489 eam
1113 1429 1254 1507 sahnlam,

130 1553 193 1613 qna
232 1534 365 1594 Achilles
403 1534 497 1594 Troili
537 1538 652 1594 amator
691 1532 782 1594 luisse
824 1539 965 1593 narretur
1003 1532 1094 1610 (qnae
1133 1532 1252 1610 quidem

128 1637 227 1713 primo
255 1633 337 1714 apud
364 1636 594 1713 Lycophrouem
625 1639 802 1698 307-313
831 1632 983 1708 occurrit),
1015 1634 1053 1695 ad
1076 1636 1252 1711 Sophoclem

129 1737 246 1799 referre
268 1741 395 1800 conatus
417 1744 471 1799 cst.
515 1736 549 1799 Ο.
565 1738 695 1815 lahnius,
725 1737 774 1816 qui
806 1738 926 1798 omnino
957 1736 1046 1798 docte
1075 1736 1113 1797 de
1143 1738 1197 1797 bac
1219 1757 1253 1799 re

129 1839 335 1919 disputavisti
369 1841 452 1902 aliud
485 1841 549 1901 eins
583 1839 703 1901 fabulae
736 1840 939 1901 testimonium
972 1839 1189 1900 demonstrarit
1222 1841 1253 1899 in

130 1943 254 2004 rusculo
277 1941 406 2020 quodam
430 1943 529 2018 Apulo
552 1943 730 2003 recentioris
751 1943 866 2020 aetatis,
889 1942 918 2001 in
942 1959 1002 2018 quo
1017 1941 1140 2001 lboilus
1157 1940 1255 2002 nudos

130 2063 199 2105 cnm
229 2062 306 2122 equo
337 2044 375 2104 ad
406 2050 528 2121 putenm
556 2046 702 2120 cernitnr;
735 2049 859 2121 atergo
882 2043 1016 2104 Achilles
1038 2051 1178 2121 armatos,
1206 2044 1254 2103 cui

131 2147 271 2207 Minerva
301 2147 377 2206 viam
410 2150 568 2223 monstrat,
601 2152 686 2207 caute
713 2147 937 2224 appropinquat
959 2164 1039 2221 enm,
1073 2151 1106 2206 ut
1127 2146 1255 2217 videtur,

131 2266 342 2326 oppressurus.
386 2248 545 2320 Columba,
576 2267 652 2326 quae
683 2249 813 2308 taeniam
843 2265 954 2325 gerens
984 2247 1020 2307 ad
1044 2247 1180 2308 Troilum
1203 2247 1256 2307 ad·

132 2351 241 2411 rolens
264 2350 454 2428 conspicitur,
476 2369 532 2411 nec
555 2370 614 2411 non
638 2351 759 2428 gracilis
782 2354 987 2427 venustusque
1011 2350 1139 2426 habitus,
1166 2368 1255 2428 quem

24 2514 28 2521 ,
132 2453 270 2514 consulto
292 2452 401 2513 artifex
416 2453 522 2514 Troilo
544 2452 683 2513 tribuisse
705 2453 836 2529 ridetur,
857 2471 920 2513 rem
936 2454 1066 2529 aliquam
1082 2453 1254 2513 amatorium

131 2555 258 2616 subesse
280 2553 369 2615 fidem
393 2553 516 2615 iaciunt.
539 2585 581 2595 -
611 2555 657 2615 De
679 2554 854 2632 tragoediae
876 2558 1055 2632 argomento
1078 2558 1175 2615 autem
1199 2554 1256 2616 hoc

133 2658 163 2718 in
188 2656 320 2717 schol.T
343 2654 494 2718 1111157
519 2656 660 2717 traditur:
683 2648 845 2716 ἐντεῦθεν
862 2652 1041 2737 Σοφοκλῆς
1063 2647 1100 2715 ἐν
1119 2649 1256 2735 Τρωίλῳ

132 2752 237 2839 φησὶν
259 2745 366 2817 αὐτὸν
389 2742 583 2837 ὀχευθῆναι.
603 2742 674 2818 ὑπὸ
693 2745 863 2836 Ἀχιλλέως
894 2749 1020 2829 ἵππους
1042 2749 1257 2838 γυμνάζοντα

131 2849 226 2940 παρὰ
248 2849 288 2919 τὸ
314 2856 509 2938 &opipator
531 2854 587 2918 καὶ
611 2844 811 2919 ἀποθανεῖν.
857 2860 973 2934 Quibus
1001 2860 1113 2936 verbis,
1143 2860 1167 2920 ei
1197 2866 1255 2921 tra·

134 2963 226 3023 ditem
249 2963 406 3024 lectionem
431 2960 620 3035 servamus,²)
650 2964 786 3040 quamvis
814 2962 959 3023 obse-aene
988 2963 1044 3023 hoc
1067 2962 1192 3023 indicari
1215 2963 1257 3022 vi·

134 3066 233 3143 detur,
256 3065 402 3125 Achillem
426 3065 561 3125 Troilum
585 3066 615 3124 in
639 3066 703 3143 ipso
727 3066 866 3142 amplexu
889 3063 1084 3125 interfecisse.
1128 3065 1166 3124 nt
1189 3084 1255 3124 cnm

133 3169 192 3231 hoe
213 3169 329 3230 scholio
352 3172 383 3228 et
405 3186 471 3227 cnm
488 3166 601 3227 vasculi
623 3168 705 3227 illius
726 3169 845 3246 pictura
868 3168 972 3227 mirum
994 3168 1024 3226 in
1048 3166 1166 3227 modum
1187 3185 1256 3228 con-

135 3270 208 3331 cinit
230 3270 260 3332 id
283 3269 363 3348 quod
381 3270 502 3330 Servius
525 3270 563 3329 ad
586 3271 660 3330 hen.
678 3270 700 3347 l,
715 3273 776 3330 471
801 3271 901 3330 affert:
923 3270 1036 3329 veritas
1059 3270 1177 3344 qataem
1200 3270 1257 3330 hoc

133 3372 234 3448 hahet,
270 3373 367 3434 Troili
389 3388 492 3433 amare
515 3373 662 3432 Achillem
686 3372 811 3432 ductam
829 3369 988 3446 palumbes
1010 3373 1046 3444 ei,
1081 3373 1187 3446 quibas
1210 3373 1259 3431 ille

134 3476 358 3554 delectabatur,
373 3475 525 3548 obiecisse,
548 3491 622 3549 qaas
642 3491 708 3534 eam
724 3475 813 3533 vellet
829 3480 941 3545 tenere,
965 3478 1076 3549 captas
1091 3474 1127 3532 ab
1143 3473 1259 3533 Achille

134 3585 167 3643 ia
188 3584 254 3644 elas
277 3578 467 3656 amplexibus
486 3579 593 3654 periit.
635 3577 720 3638 Talia
742 3575 919 3652 Sophoclem
942 3575 1063 3635 linxisse
1085 3574 1171 3634 iacile
1194 3593 1258 3635 cre·

135 3686 254 3761 tlemus,
284 3685 398 3745 simodo
421 3689 513 3744 totam
537 3684 599 3742 eius
622 3685 759 3741 naturam
784 3679 819 3739 iis
842 3678 1049 3757 voluptatibus
1072 3678 1191 3738 minime
1213 3695 1258 3738 re·

134 3792 319 3870 pugnantem
354 3787 589 3865 respexerimus3
627 3802 731 3845 moneo
766 3781 804 3841 de
838 3786 910 3842 nota
942 3781 992 3842 illa
1025 3781 1259 3853 narratiuncula,

135 3911 224 3972 qnam
249 3890 287 3952 de
301 3890 452 3966 Sophocle
475 3895 504 3950 et
526 3906 620 3965 puero
644 3887 831 3947 ministrante
848 3885 880 3945 lo
896 3884 987 3946 Chios
1002 3882 1124 3945 tradidit
1139 3883 1259 3958 (Athen.

134 3997 217 4068 ΧΙΙΙ,
234 3998 295 4058 604
308 3992 374 4072 aql,
404 4011 520 4070 moneo,
550 3991 632 4069 qnod
655 3992 728 4067 ipse,
750 3991 937 4067 quantopere
961 3987 997 4047 iis
1019 3985 1109 4047 rebus
1130 3986 1259 4046 delecta·

138 4113 285 4122 ——-

205 4160 228 4229 ¹)
246 4112 387 4226 'l‘ehphos
406 4155 463 4210 und
481 4153 592 4210 Troilon
611 4152 666 4207 ond
684 4152 749 4208 kain
769 4151 857 4220 Eudo,
875 4151 920 4206 ein
938 4148 1014 4204 Brici
1029 4164 1064 4204 an
1082 4150 1172 4205 Herrn
1184 4147 1258 4205 Prot.

138 4244 170 4300 T.
182 4245 216 4300 G.
229 4242 356 4299 Welcher
375 4257 435 4296 nom
456 4246 496 4295 16.
507 4240 565 4294 Oct.
582 4244 655 4306 1859,
673 4255 700 4307 p.
713 4243 751 4304 11,
770 4236 803 4291 T.
813 4236 862 4291 lll.

209 4331 232 4399 ²)
246 4328 408 4385 Welclnerus
421 4327 492 4381 haud
504 4324 682 4394 probabiliter
694 4322 813 4378 coniecit
824 4326 1018 4391 λογχενθῆναι
1030 4337 1082 4390 pro
1095 4314 1260 4389 ὀχευθῆναι.

139 4418 209 4474 Nam
227 4415 371 4488 requiritur
389 4428 510 4468 norum
528 4410 674 4483 Sophoclis
692 4410 843 4466 inventum.
