3104 5198
297 1316 439 1426 Fabulas
454 1365 637 1426 Graecorum
651 1366 675 1424 si
689 1365 754 1442 quis
766 1371 848 1424 recte
860 1364 926 1423 vult
937 1363 1112 1439 intellegere
1124 1371 1153 1423 et
1168 1364 1335 1434 aestimare,

211 1472 236 1528 ei
271 1469 300 1528 id
334 1468 479 1545 imprimis
513 1468 675 1528 tenendum
711 1472 767 1540 cst,
799 1467 884 1526 ludos
919 1467 1073 1526 scaenicos
1100 1466 1334 1537 Atheniensium,

213 1572 322 1649 quibus
344 1572 413 1630 illae
432 1570 551 1630 fabulae
567 1578 655 1631 erant
671 1570 846 1647 destinatae,
869 1574 982 1646 partem
1000 1570 1135 1629 effecisse
1152 1588 1335 1646 magnarum,

211 1694 287 1749 quae
319 1675 478 1750 quotannis
501 1674 610 1733 Libero
643 1673 843 1745 habebantur,
870 1671 1020 1732 feriarum.
1066 1673 1108 1731 Eo
1139 1674 1215 1732 enim
1247 1672 1335 1730 maxi·

213 1797 287 1836 mam
323 1785 435 1854 partem
467 1781 566 1837 certae
596 1778 665 1836 illae
695 1783 725 1836 ot
754 1777 838 1852 quasi
869 1774 984 1851 rigidae
1013 1775 1184 1835 fabularum
1214 1775 1337 1848 formae,

212 1899 289 1955 ‹qrrae
318 1898 337 1938 a
359 1886 527 1939 nostrorum
552 1886 705 1956 poetarum
728 1879 848 1938 licentia
871 1878 976 1937 mirum
1000 1883 1144 1954 quantum
1167 1877 1338 1952 abhorrent,

213 1981 388 2041 referendae
411 1987 489 2041 sunt.
533 1982 608 2041 Nam
634 1988 739 2058 poetae
762 1982 792 2040 in
812 1980 1027 2057 componendis
1041 1979 1150 2040 fabulis
1166 1999 1225 2040 non
1240 1979 1335 2039 solum

214 2085 383 2144 reverentia
412 2083 539 2160 quadam
570 2084 661 2160 prisci
692 2084 781 2142 moris
812 2082 907 2159 ducti,
938 2081 990 2142 sed
1022 2084 1109 2142 etiam
1140 2101 1242 2142 eornm
1269 2082 1337 2141 sub·

213 2187 369 2263 sidiorum,
399 2205 474 2262 quae
504 2186 540 2245 ad
570 2185 656 2245 indos
679 2185 878 2246 instituendos
901 2185 1086 2245 sollemniter
1109 2185 1338 2261 praebebantur,

214 2297 295 2348 certo
319 2288 407 2348 modo
431 2289 559 2361 astricti,
586 2289 724 2365 pristinas
747 2288 813 2347 illas
834 2287 944 2347 formas
967 2288 1105 2363 religiose
1131 2292 1338 2347 servaverunt.

213 2392 326 2450 Tamen
359 2392 388 2449 in
419 2390 490 2467 ipsis
514 2391 573 2449 illis
596 2391 732 2467 angustis
755 2390 863 2450 finibus
886 2408 1075 2467 progressum
1099 2389 1251 2467 quendam
1275 2388 1337 2448 ficri

215 2494 354 2569 cognosci
378 2498 485 2570 potest.
530 2494 605 2553 Nam
630 2498 838 2570 praeterquam
863 2493 941 2569 quod
965 2492 1097 2552 subsidia
1120 2493 1169 2552 illa
1191 2510 1246 2569 per
1265 2496 1338 2551 tem·

214 2615 318 2672 porum
343 2614 460 2655 cursum
484 2596 584 2672 paullo
607 2600 695 2655 aucta
716 2599 794 2670 sunt,
817 2603 923 2672 poetae
940 2597 1029 2655 certis
1045 2595 1229 2672 temporibus
1245 2612 1339 2654 novos

215 2700 331 2758 colores
346 2698 409 2757 sive
426 2698 552 2757 artificia
564 2699 703 2757 scaenica
718 2697 826 2757 fabulis
839 2698 899 2757 suis
911 2697 1121 2772 adhibuerunt,
1136 2705 1205 2774 post
1217 2697 1337 2773 aliquod

215 2809 340 2878 tempus,
363 2818 440 2877 qnae
462 2805 551 2860 antea
573 2807 768 2871 novaverant,
792 2818 882 2877 saepe
898 2801 1074 2860 reiecerunt.
1118 2800 1195 2858 Nam
1212 2801 1337 2859 multum

216 2905 308 2962 valuit
329 2904 415 2961 etiam
433 2903 461 2962 iu
478 2902 587 2961 fabulis
604 2902 819 2979 componendis
835 2921 906 2962 usus
923 2908 1079 2979 tyrannus,
1101 2903 1160 2978 qni,
1183 2920 1260 2978 quae
1275 2902 1340 2979 ipse

216 3007 344 3083 peperit,
371 3023 437 3064 mor
461 3005 539 3064 idem
563 3005 665 3065 delere
688 3006 773 3065 solet.
818 3007 924 3064 idoneo
949 3005 985 3064 de
1008 3005 1153 3065 Charonis
1176 3005 1227 3063 illa
1249 3005 1338 3080 scala,

216 3106 296 3184 quod
328 3105 485 3165 artificium
515 3107 584 3164 olim
615 3107 644 3164 in
676 3112 823 3182 apparatu
854 3108 992 3165 scaenico
1022 3107 1215 3183 praecipuum
1242 3106 1339 3165 locum

216 3211 358 3280 tenuisse,
381 3213 484 3285 postea
500 3209 607 3268 sensim
625 3209 792 3286 neglectum
809 3226 874 3268 esse
890 3226 985 3285 nuper
1001 3208 1149 3268 Robertus
1160 3205 1183 3279 ¹)
1200 3207 1339 3268 ostendit.

218 3311 312 3370 llulta
336 3311 394 3370 alia
416 3329 534 3387 possum
556 3312 673 3370 afferre.
716 3309 857 3370 Similiter
873 3329 1032 3387 puerorum
1050 3329 1171 3387 quoque
1186 3310 1215 3369 in
1232 3309 1341 3369 fabulis

218 3418 333 3491 partes,
363 3432 437 3490 quas
468 3413 537 3473 mihi
567 3413 741 3472 tractandas
764 3415 921 3491 proposui,
949 3418 1031 3473 certo
1053 3413 1182 3490 quodam
1206 3419 1340 3489 tempore

219 3518 246 3574 in
284 3516 380 3591 gratia
414 3520 443 3575 et
477 3515 590 3575 honore
624 3515 729 3587 luisse,
762 3519 865 3592 postea
898 3520 1016 3591 spretae
1050 3522 1080 3574 et
1112 3515 1246 3575 abiectae
1276 3533 1341 3575 esse

218 3618 369 3677 videntur.
413 3619 474 3676 lam
490 3636 560 3677 vcro
582 3617 617 3676 iis
640 3616 770 3677 artificiis
793 3617 954 3694 diligenter
976 3617 1171 3677 observandis
1192 3618 1216 3677 si
1241 3624 1340 3694 poeta-

219 3740 281 3779 rum
306 3739 390 3780 usum
415 3722 540 3798 eiusque
563 3720 784 3780 vicissitudines
806 3721 1055 3796 constituerimus,
1077 3726 1204 3797 apparet
1226 3739 1281 3780 nos
1304 3719 1341 3779 ad

219 3824 404 3898 singulorum
430 3842 488 3882 nou
512 3825 606 3882 solum
631 3829 783 3900 poetarum
808 3822 932 3898 indoles,
954 3841 1057 3882 verum
1081 3824 1167 3882 etiam
1191 3822 1230 3881 ad
1252 3824 1342 3882 totius

219 3927 292 3983 artis
315 3925 495 3985 dramaticus
518 3925 630 4003 gradus
653 3944 688 3985 ac
711 3943 867 4002 processus
890 3944 959 3985 vere
984 3924 1211 4002 cognoscendos
1227 3924 1341 4002 aliquid

219 4027 407 4104 profecturos
423 4046 497 4087 esse.
531 4030 635 4103 ltaque
651 4029 675 4086 si
692 4026 781 4104 hunc,
797 4046 884 4105 quem
902 4029 970 4087 mihi
988 4026 1217 4087 examinandum
1234 4046 1342 4104 propo-

219 4132 273 4205 sui,
295 4132 477 4207 singularem
503 4149 612 4189 morom
637 4131 815 4207 scaenicum,
837 4149 946 4207 pueros
970 4131 999 4189 in
1016 4148 1154 4189 scaenam
1171 4129 1342 4200 inducendi,

221 4253 286 4293 cum
303 4233 402 4308 aliquo
420 4234 519 4293 fructu
537 4233 710 4310 perquirere
721 4238 814 4309 atque
826 4234 978 4309 explicare
990 4233 1159 4308 contigerit,
1174 4233 1341 4308 paullulum

309 4415 331 4481 ¹)
350 4413 439 4468 Herm.
454 4412 557 4482 XXXI,
575 4428 601 4482 p.
615 4416 664 4467 5³8
676 4427 738 4482 sqq.

274 4515 398 4557 nummu.
411 4515 480 4558 xm.
1159 4518 1190 4569 15
