3104 5198
1274 488 1335 546 265

213 654 346 732 scivisse,
367 656 397 715 id
420 673 541 733 quoque
563 656 772 731 statuendum,
799 659 905 732 postea
927 674 987 716 nou
1011 656 1138 733 amplius
1160 654 1198 716 de
1221 655 1339 715 calami·

214 758 285 817 tatis
307 762 430 819 auctore
454 758 637 836 disputatum
654 776 729 829 esse,
752 759 793 819 ita
810 763 842 818 ut
857 758 1092 836 fundamentum,
1115 776 1175 836 quo
1191 758 1340 819 nitebatur

214 857 396 921 Kalkmanni
429 862 614 939 coniectura,
643 861 773 921 deletum
804 862 850 920 sit.
893 862 986 922 lmmo
1015 880 1071 938 ego
1099 867 1222 921 mortem
1246 861 1339 922 Phae·

213 961 287 1023 drae
310 981 348 1023 ne
374 963 441 1024 tuse
465 964 584 1041 quidem
608 968 759 1025 narratam
784 983 857 1039 asse,
879 965 991 1042 quippe
1016 983 1131 1025 summa
1146 964 1266 1025 tabulae
1281 965 1338 1024 iam

214 1071 354 1141 peracta,
388 1066 441 1126 sed
471 1066 604 1128 breviter
633 1071 748 1127 tantum
778 1067 1044 1128 exclamationibus
1074 1067 1233 1127 indicatam
1256 1073 1340 1145 puto.

214 1166 318 1243 ltaque
340 1168 376 1245 si,
399 1187 460 1244 quo
483 1168 548 1229 loco
571 1169 682 1246 optimc
705 1168 790 1245 pueri
814 1169 963 1229 inserendi
986 1169 1054 1244 sint,
1077 1168 1339 1245 circumspicimus,

214 1287 271 1344 ego
309 1289 369 1330 non
403 1272 489 1331 aliam
523 1271 610 1331 video
640 1273 799 1348 rationem,
831 1271 887 1333 nisi
918 1277 951 1331 nt
980 1273 1010 1331 in
1041 1272 1091 1330 illa
1124 1290 1247 1348 scaena,
1279 1290 1339 1348 qna
1428 1328 1438 1339 ,

212 1372 352 1433 Phaedra
382 1373 527 1450 languida
557 1375 586 1434 in
616 1375 728 1434 lectulo
756 1374 902 1435 recubans
925 1393 943 1433 a
965 1373 1132 1434 famulabus
1155 1373 1340 1435 circumdata

213 1475 392 1552 ostenditur,
424 1494 476 1536 cos
506 1496 524 1536 a
555 1477 671 1537 nutrice
702 1477 750 1536 vel
780 1477 838 1537 alio
868 1484 970 1537 actore
1002 1477 1161 1537 arcessitos
1191 1482 1340 1554 putemus,

214 1595 341 1655 quorum
365 1585 489 1655 aspectu
506 1580 673 1657 miseraque
690 1580 867 1640 condicione
884 1580 1023 1639 Phaedra
1038 1578 1076 1638 nd
1093 1597 1194 1638 sanam
1212 1584 1337 1639 mentam

213 1684 381 1741 revocetur.
420 1682 663 1743 Demonstratum
687 1684 764 1742 euim
789 1687 835 1743 est
857 1681 906 1756 (cs.
923 1682 1102 1742 Kalkmann.
1125 1702 1154 1761 p.
1168 1680 1220 1753 27)
1244 1682 1339 1742 Phae·

212 1781 286 1843 drae
317 1788 347 1843 et
376 1784 501 1844 nutricis
532 1803 629 1845 mores
660 1786 689 1844 in
722 1786 820 1861 priora
847 1784 948 1844 sabula
971 1783 1034 1844 fere
1057 1786 1225 1845 contrarios
1248 1788 1339 1862 atque

212 1884 243 1944 in
266 1887 363 1946 altera
386 1886 484 1959 luisse,
516 1906 622 1965 nempe
647 1887 814 1948 Phaedram
843 1888 919 1947 adeo
942 1906 1058 1947 omnem
1081 1886 1228 1965 pudorem
1251 1886 1338 1947 dcco-

214 2007 338 2066 remquc
369 1991 545 2068 neglexisse,
575 1997 609 2051 ut
631 1990 740 2052 nutrici
770 2010 858 2069 quiam
890 1992 1016 2050 maxime
1046 1989 1226 2049 delenieuda
1248 1988 1337 2050 etad

214 2091 399 2152 honestatem
431 2092 605 2153 reducenda
635 2099 722 2153 esset
765 2093 822 2152 Ilia
852 2100 950 2153 autem
981 2092 1115 2170 putanda
1146 2097 1192 2152 cst
1219 2092 1340 2164 liberos,

212 2195 326 2272 quippe
350 2213 426 2272 quos
448 2200 573 2272 propter
588 2196 696 2256 Thesei
721 2197 818 2257 odium
841 2196 923 2273 ipsos
946 2213 1067 2273 quoque
1089 2193 1339 2273 aspernaretur,¹)

213 2298 356 2358 acorrima
379 2299 555 2376 reppulisse,
579 2300 619 2358 ita
641 2304 675 2359 ut
696 2300 776 2359 servi
800 2317 851 2359 eos
874 2300 1010 2358 amatris
1032 2299 1157 2359 saevitia
1173 2303 1338 2358 tuerentur.

214 2396 376 2477 [Agnoscis
399 2420 466 2462 cum
482 2400 589 2462 Medea
612 2401 843 2472 similitudinem,
867 2401 905 2461 cf.
917 2402 1034 2461 Wilam.
1051 2401 1140 2477 Hipp.
1156 2419 1184 2478 p.
1196 2396 1259 2474 44].
1293 2401 1339 2460 110

213 2501 295 2562 iliam
318 2503 572 2580 sarcophagorum
596 2523 734 2565 scaenam
759 2506 953 2581 interpretum
987 2523 1053 2563 uam
1076 2520 1193 2563 servam
1217 2508 1247 2563 et
1269 2522 1338 2580 pae-

213 2604 362 2682 dagogum
394 2625 460 2666 cum
484 2607 603 2667 'Pheneo
633 2608 662 2666 in
687 2607 792 2666 dextra
816 2614 901 2683 parte
924 2605 1048 2666 sedente
1072 2607 1255 2682 coniungere
1278 2624 1337 2665 nou

213 2707 291 2785 licet,
314 2709 384 2785 quia
408 2709 436 2768 iu
460 2709 509 2769 illo
533 2710 787 2787 sarcophagorum
809 2727 929 2787 genere,
952 2715 984 2767 ut
1002 2709 1152 2770 Robertus
1168 2727 1214 2769 me
1229 2709 1339 2785 docuit,

213 2809 328 2888 figurae
360 2811 423 2872 sere
452 2817 563 2873 temere
594 2814 775 2889 compositae
799 2817 877 2872 sunt.
922 2811 1004 2872 lllius
1027 2829 1154 2872 scaenae
1177 2811 1336 2888 vestigium

214 2913 303 2973 etiam
327 2913 357 2971 in
381 2918 501 2974 servata
524 2913 625 2973 fabula
648 2916 857 2992 cognoscimus
880 2933 915 2973 eo
936 2913 1012 2991 ioco,
1034 2933 1095 2990 quo
1110 2913 1250 2973 Phaedra
1264 2931 1337 2974 vero

214 3014 409 3076 humanitatis
424 3004 537 3076 ‘studio
568 3017 654 3094 quasi
685 3035 716 3077 se
746 3019 812 3094 ipsa
841 3017 879 3077 de
909 3018 971 3077 suis
1006 3035 1079 3094 erga
1113 3017 1271 3092 coniugem
1307 3020 1337 3076 et

212 3117 323 3178 liberos
354 3117 459 3180 officiis
490 3119 628 3179 hortatur
650 3118 824 3197 (419000).
869 3118 981 3179 Eadem
1015 3121 1129 3178 ratione
1152 3118 1236 3179 liberi
1260 3136 1337 3178 com·

213 3225 415 3280 memorantur
444 3221 474 3279 in
504 3220 637 3281 Senecae
666 3221 805 3281 Phaedra
828 3220 913 3299 (434,
935 3223 1006 3292 631,
1029 3219 1113 3293 869).
1157 3221 1218 3279 lam
1248 3220 1337 3280 intel-

212 3322 349 3399 legimus,
382 3340 435 3382 cur
466 3340 503 3383 ex
534 3325 629 3383 altera
652 3325 817 3402 Hippolyto
847 3342 958 3399 pueros
981 3323 1141 3402 Euripides
1168 3322 1339 3400 removerit,

213 3442 254 3485 sc.
277 3426 347 3502 quia
370 3424 527 3486 Phaedrae
558 3425 690 3486 moribus
720 3428 760 3486 ita
790 3427 977 3486 commutatis
1004 3427 1219 3502 supervacanei
1242 3430 1338 3486 erant.

213 3528 311 3588 Duos
333 3546 445 3604 pueros
468 3533 541 3606 puto
564 3530 593 3588 in
617 3546 755 3589 scaenam
772 3529 928 3605 prodiisse,
951 3529 1030 3606 quia,
1053 3529 1168 3588 etiamsi
1184 3546 1239 3604 pro
1256 3545 1337 3589 more

213 3628 395 3707 tragicorum
420 3630 539 3691 nomina
569 3631 604 3690 iis
627 3648 686 3690 non
710 3631 857 3706 imposuit
887 3635 1005 3707 poetam
1030 3629 1067 3689 ad
1091 3630 1283 3689 Acamantem
1307 3633 1338 3689 et

213 3731 452 3810 Demophontem
483 3734 652 3810 respexisse
682 3734 826 3808 suspicor.
871 3733 1009 3793 Ceterum
1042 3733 1220 3809 plerumque
1251 3730 1337 3790 binos

212 3852 325 3912 pueros
347 3835 463 3895 inducit
479 3834 638 3913 Euripides
660 3842 690 3895 ct
713 3835 840 3895 eundem
863 3852 1017 3895 numerum
1034 3831 1161 3894 Ovidius
1176 3838 1206 3893 et
1220 3833 1337 3894 Seneca

212 3935 367 3997 exhibent.

298 4041 333 4100 In
358 4034 449 4101 1110110
471 4057 584 4119 pueros
606 4041 636 4100 in
667 4057 776 4099 scaena
806 4039 897 4100 luisse
928 4039 1037 4116 colligo
1064 4057 1101 4100 ex
1128 4043 1193 4101 tota
1215 4038 1336 4099 fabulae

213 4143 331 4214 natura,
348 4144 434 4203 cuius
449 4147 656 4219 argumentum
673 4143 760 4202 nobis
775 4148 925 4202 serratum
943 4146 989 4201 est
1005 4142 1042 4201 ab
1058 4141 1181 4217 Hygino
1193 4139 1265 4214 (fab.
1273 4138 1335 4211 IV).

212 4244 351 4322 Namque
385 4263 497 4323 pueros
530 4244 608 4321 iilos,
646 4263 772 4322 quorum
806 4244 887 4303 salus
920 4262 937 4303 a
971 4242 1116 4303 matribus
1148 4243 1270 4302 aemulis
1303 4242 1334 4300 in

298 4462 319 4525 ¹)
336 4459 398 4515 lloc
415 4459 530 4516 Ovidius
547 4460 678 4529 servarit,
695 4459 783 4528 Epist.
795 4458 845 4528 lv,
860 4463 908 4514 123
918 4474 982 4528 sqq.
