3104 5198
218 412 281 470 220

217 578 346 657 adeam,
369 599 458 657 quam
482 581 511 639 iu
535 580 694 640 tractanda
718 579 899 641 Graecorum
924 581 1079 658 tragoedia
1095 581 1349 641 Wilamowitzius

219 681 400 759 philologiae
422 683 500 741 viam
524 685 708 757 monstravit,
731 683 921 743 muniendam
945 684 1105 744 contulisse
1122 684 1192 743 mihi
1209 684 1349 743 videbor.

217 780 390 843 Occurrunt
423 788 520 843 autem
564 785 619 844 hae
653 786 837 862 potissimum
875 785 1078 862 quaestiones:
1116 787 1194 845 Num
1235 803 1349 845 revera

216 887 317 963 pueri
342 905 392 946 eas
423 887 569 947 minorum
594 893 665 948 natu
689 895 789 964 partes
812 894 1025 965 susceperuut,
1050 895 1102 948 aut
1124 891 1209 948 cuius
1234 889 1350 948 aetatis

216 987 339 1048 luerunt
362 990 381 1049 ii
409 992 508 1067 pueri,
536 991 586 1066 qui
618 992 647 1049 iu
679 1009 788 1050 scaena
811 992 957 1066 egerunt?
1002 992 1069 1064 Quo
1092 997 1227 1069 tempore
1249 995 1305 1051 aut
1329 1010 1349 1048 a

216 1112 275 1169 quo
306 1094 400 1170 primo
431 1095 516 1170 pueri
547 1099 618 1153 sunt
647 1095 780 1154 inducti?
824 1094 972 1166 Quamdiu
1003 1115 1162 1172 puerorum
1186 1103 1289 1172 parics
1315 1097 1347 1152 in

216 1196 328 1255 honore
363 1196 505 1256 luerunt?
564 1197 720 1269 Quomodo
756 1215 811 1273 per
843 1205 1009 1275 temporum
1043 1217 1235 1276 progressum
1270 1202 1351 1256 suut

214 1298 374 1358 excultae?
418 1298 573 1372 Quatenus
597 1318 695 1375 quove
719 1300 844 1360 consilio
867 1307 975 1377 poetae
998 1301 1033 1360 iis
1056 1303 1098 1359 usi
1122 1304 1211 1361 suut?

300 1747 429 1808 Primum
453 1749 543 1826 igitur
566 1753 598 1807 ut
620 1747 737 1807 firmum
758 1749 810 1807 toti
828 1749 995 1823 quaestioni
1011 1748 1218 1807 substituamus
1234 1747 1349 1807 sunda-

214 1855 361 1927 mentum,
394 1870 430 1910 ea
463 1869 624 1928 puerorum
659 1849 848 1909 inductorum
882 1850 1033 1927 exempla,
1066 1869 1143 1926 quae
1177 1852 1206 1909 iu
1237 1869 1348 1926 super-

213 1953 333 2012 stitibus
362 1951 472 2012 tabulis
502 1957 633 2023 exstant,
665 1953 879 2029 perlustremus
908 1960 998 2028 atque
1029 1954 1212 2028 colligamus.
1264 1954 1347 2012 Cum

214 2056 291 2114 euim
316 2073 375 2115 uou
399 2056 525 2132 ubique,
555 2054 628 2130 quid
651 2056 802 2114 voluerint
825 2060 930 2131 poetae
954 2057 982 2113 iu
1006 2073 1117 2114 scaena
1139 2055 1219 2129 fieri,
1249 2054 1348 2130 plane

212 2158 251 2216 sit
273 2157 450 2229 dilucidum,
473 2167 614 2218 accurata
637 2158 781 2234 imprimis
804 2175 880 2234 opus
902 2162 948 2216 est
970 2159 1130 2217 verborum
1162 2157 1348 2217 traditorum

213 2261 471 2337 interpretatione.
523 2261 590 2333 Qua
619 2262 647 2319 in
678 2279 709 2319 re
739 2260 814 2319 haec
845 2260 970 2320 maxime
999 2262 1184 2336 quaerimus:
1215 2259 1348 2336 quaudo

212 2361 361 2439 prodeant
384 2364 490 2439 pueri?
516 2362 656 2441 quamdiu
685 2368 838 2423 morentur
864 2364 892 2422 iu
920 2361 1053 2423 scaeua?
1079 2364 1103 2423 si
1130 2364 1241 2440 plures,
1264 2367 1348 2437 quot

212 2464 293 2525 sint?
325 2465 398 2541 quid
424 2466 537 2541 agant?
570 2484 639 2525 uum
667 2464 739 2542 quid
767 2465 927 2540 loquantur
953 2465 1002 2524 vel
1029 2466 1160 2525 canant?
1186 2464 1346 2542 quomodo

213 2573 333 2644 canant,
355 2569 508 2627 coniuncti
532 2587 569 2627 au
593 2568 670 2627 soli?

297 2824 331 2882 ln
355 2829 467 2900 septem
491 2823 706 2901 Aeschyleis
730 2823 894 2902 tragoediis
916 2842 1039 2900 puerum
1061 2824 1174 2884 nullum
1191 2823 1344 2883 videmus.

297 3081 385 3157 Apud
403 3081 611 3158 Sophoclem
633 3083 758 3158 primum
776 3084 805 3141 iu
822 3075 968 3158 dnliqtna
979 3081 1001 3155 ¹)
1018 3101 1143 3158 puerum
1160 3082 1341 3160 invenimus,

211 3183 277 3242 dico
308 3203 390 3261 eum,
420 3202 480 3260 quo
503 3184 635 3244 Tiresias
666 3202 772 3243 caecus
796 3184 871 3244 duce
895 3187 994 3244 utitur.
1038 3183 1181 3257 Quamvis
1203 3185 1251 3243 ille
1276 3203 1338 3243 uon

211 3288 290 3345 inter
320 3304 465 3362 personas
495 3285 614 3345 fabulae
642 3288 680 3346 sit
701 3285 870 3356 habendus,
900 3293 996 3346 tamen
1020 3286 1121 3364 prodit
1143 3288 1170 3345 iu
1195 3304 1338 3346 scaenam

210 3387 449 3464 (989-1090);
484 3389 552 3447 item
587 3390 616 3447 iu
651 3386 769 3465 Oedipo
803 3407 874 3465 rege
908 3409 925 3447 a
959 3408 1050 3466 puero
1083 3385 1168 3464 (444)
1202 3389 1339 3448 Tiresias

211 3490 338 3550 ducitur.
383 3490 530 3550 Nimirum
546 3491 614 3549 talis
630 3509 706 3566 puer
721 3491 940 3568 intellegendus
955 3500 1009 3567 cst,
1031 3491 1135 3568 quales
1150 3491 1340 3550 sollemniter

296 3709 317 3775 ¹)
335 3707 505 3776 Antigonam
524 3706 610 3762 Aiace
634 3706 814 3776 antiquiorem
834 3723 897 3762 esse
915 3723 952 3761 cx
970 3706 1109 3762 nonnullis
1126 3708 1193 3761 artis
1211 3707 1339 3775 proprie-

209 3792 311 3848 tatibus
336 3794 472 3862 sequitur:
497 3795 535 3847 ita
558 3792 785 3848 Wilamowituius
810 3793 951 3859 (Anssur.
970 3810 996 3861 p.
1013 3793 1072 3862 195)
1094 3793 1231 3859 ostendit,
1255 3793 1340 3846 Anti-

209 3894 309 3948 gonam
338 3894 419 3933 uuam
447 3896 481 3934 ex
505 3879 667 3947 Sophocleis
694 3878 793 3933 fabulis
820 3879 946 3933 antilabis
970 3894 1077 3945 cararc;
1103 3880 1167 3933 item
1193 3879 1341 3946 Antigona

209 3964 346 4018 monodiis
364 3970 451 4031 caret,
475 3980 545 4033 quae
564 3970 711 4018 occurrunt
728 3965 755 4018 in
773 3963 916 4019 Alcestide
935 3970 963 4018 ct
981 3963 1074 4018 Aiace.
1110 3963 1221 4018 Aiacem
1242 3969 1338 4017 aritem

208 4048 352 4104 Alcestidc
374 4050 554 4104 recentiorem
572 4065 635 4104 csse
656 4049 879 4103 Wilamowitnius
898 4050 963 4116 (An.
976 4050 1039 4104 Eur.
1058 4066 1086 4117 p.
1099 4050 1160 4118 255)
1179 4050 1341 4116 suspicatus

209 4141 299 4189 estex
313 4134 358 4190 Al.
370 4140 443 4189 1297.
468 4135 548 4200 Quod
561 4151 627 4190 vero
636 4135 778 4191 Robertus
790 4134 914 4189 ostendit
925 4135 1029 4199 (Herm.
1039 4135 1142 4203 XXXI,
1154 4151 1181 4202 p.
1192 4139 1241 4187 530
1251 4136 1341 4203 sqq),

209 4220 321 4275 Aiacem
340 4220 470 4276 exhibere
482 4222 637 4276 scaenicum
650 4227 809 4290 apparatum
821 4237 887 4276 sane
900 4221 1049 4290 antiquum,
1066 4221 1130 4275 inde
1143 4235 1202 4275 eam
1215 4219 1340 4274 tabulam

209 4306 424 4375 Sophoclearum
443 4307 660 4376 antiquissimam
680 4323 743 4362 esse
761 4306 887 4362 concludi
905 4307 1014 4375 nequit,
1033 4305 1168 4375 siquidem
1187 4322 1242 4360 uon
1262 4306 1339 4359 idem

208 4392 335 4446 omnibus
352 4391 451 4447 fabulis
470 4397 616 4461 apparatus
634 4392 774 4448 convenit.
