3104 5198
1283 483 1345 541 253

222 646 328 721 ltaque
351 647 395 704 sic
417 663 525 706 scaeua
547 646 709 723 cogitanda
731 653 790 707 est:
825 648 930 708 Coram
954 649 1046 708 choro
1077 651 1105 708 in
1130 649 1251 726 publico
1274 648 1347 708 furit

222 747 340 807 Procne
368 752 460 824 atque
489 749 635 808 incertum
659 749 770 826 aliquid
795 768 861 810 cum
885 768 989 811 sorore
1013 751 1145 826 molitur,
1178 755 1241 811 tum
1265 769 1346 823 vero,

222 850 404 928 simulatque
433 850 545 928 prodiit
569 853 641 929 Itys,
672 852 736 912 eius
761 871 827 912 cum
852 855 980 931 coniuge
1002 854 1195 914 similitudine
1219 855 1347 931 cognita,
1392 861 1396 867 '

223 951 318 1012 ferale
334 953 468 1013 nascitur
484 954 514 1012 iu
530 954 608 1013 illius
624 958 722 1014 mente
739 955 903 1032 consilium,
918 955 998 1032 quod
1014 962 1123 1033 tamen,
1145 975 1183 1016 nc
1198 962 1348 1033 arceatur,

221 1072 282 1113 non
306 1055 363 1114 nisi
385 1059 464 1115 tecte
487 1055 649 1133 significat;
672 1055 709 1115 cs.
732 1055 788 1117 Or.
810 1057 828 1116 l.
845 1077 869 1118 c.
886 1061 946 1119 619
961 1072 1039 1136 squ:

673 1178 791 1254 peragit
814 1176 884 1237 dum
907 1177 980 1237 talia
1002 1179 1131 1255 Progne,

344 1279 381 1338 ad
406 1283 529 1338 matrem
551 1279 691 1340 veniebat
712 1281 785 1356 ltys.
829 1280 908 1355 Quid
932 1282 1034 1357 possIt,
1057 1283 1093 1341 ab
1117 1281 1169 1341 illo

344 1382 495 1440 admonita
518 1386 576 1441 est:
599 1382 756 1458 oculisque
779 1386 867 1443 tuens
890 1384 1062 1444 immitibus:
1085 1378 1117 1443 ‘a
1140 1402 1228 1460 quam

346 1502 378 1544 es
401 1485 503 1543 similis
526 1477 617 1561 patrl’
641 1484 727 1562 dixit3
752 1504 816 1546 nec
840 1486 944 1563 plura
966 1487 1089 1546 locuta

346 1588 430 1647 triste
452 1593 538 1664 parat
562 1588 679 1647 facinus
702 1589 853 1666 tacitaque
876 1593 1031 1649 exaestuat
1052 1589 1104 1649 ira.

218 1724 310 1801 Puer,
332 1724 356 1783 si
372 1722 509 1785 Ovidium
533 1725 693 1801 sequimur,
717 1724 778 1785 lere
802 1727 936 1801 quinque
951 1743 1047 1784 annos
1064 1729 1151 1785 natus
1167 1724 1344 1802 cogitandus

218 1831 265 1884 eat
288 1823 493 1898 (Ov.438l9);
526 1832 624 1885 tamen
649 1827 804 1903 puerulum
837 1828 900 1887 eius
923 1828 1028 1887 aetatis
1052 1846 1158 1888 revera
1180 1829 1209 1887 in
1232 1846 1344 1888 scaeua

217 1927 317 2001 egisse
341 1946 399 1987 nou
424 1927 595 2004 putabimus
625 1947 661 1987 ex
685 1929 800 1987 ratione
824 1934 980 2005 poetarum
1008 1930 1079 1989 satis
1100 1930 1274 2008 perspicua,
1304 1928 1341 1989 de

217 2046 280 2106 qua
302 2028 381 2089 intra
404 2030 562 2106 disputabo
579 2025 619 2108 (p.
633 2026 791 2107 titiane).
838 2031 927 2091 lmmo
950 2051 1024 2107 puer
1046 2031 1267 2108 intellegendus
1289 2036 1343 2108 est,

216 2131 315 2206 qualia
350 2131 426 2191 sorte
460 2133 629 2209 Eurysaces
660 2134 688 2192 iu
717 2133 809 2192 Aiace
837 2133 900 2194 fuit.
945 2134 1045 2193 Verba
1078 2153 1144 2194 eum
1176 2135 1205 2192 iu
1235 2152 1345 2194 scaena

220 2252 281 2293 nou
305 2232 410 2294 fecisse
434 2238 531 2295 statuo
556 2235 658 2295 eadem
682 2235 718 2295 de
742 2253 840 2309 causa,
863 2254 923 2312 qua
945 2254 1037 2313 supra
1059 2237 1212 2312 Thyestae
1234 2237 1343 2297 liberos

217 2341 317 2395 mutos
340 2334 433 2396 fuisse
456 2338 671 2415 conclusimus,
700 2340 1015 2415 praeterquamquod
1039 2341 1172 2414 omniuo,
1199 2344 1343 2416 quantum

216 2437 362 2511 videmus,
393 2438 558 2516 Sophocles
589 2458 698 2516 pueros
728 2444 828 2501 tacere
859 2442 951 2500 iussit
996 2441 1107 2502 Contra
1138 2441 1195 2502 hoe
1222 2459 1343 2518 quoque

216 2539 396 2600 Ouidianum
432 2543 495 2600 iure
526 2560 653 2601 scaenae
684 2541 912 2614 vindicabimus,
947 2562 1072 2619 puerum
1107 2547 1230 2603 matrem
1262 2541 1344 2620 (por-

214 2647 299 2703 recta
328 2643 463 2715 dextera)
492 2645 681 2719 salutavisse,
712 2646 897 2721 complexum
928 2664 994 2707 esse
1018 2650 1082 2718 etc,
1115 2648 1155 2706 ita
1178 2652 1211 2707 ut
1233 2648 1282 2707 illa
1305 2648 1341 2706 iis

216 2745 288 2822 ipsis
317 2747 401 2822 pueri
429 2746 639 2807 blandimentis
669 2754 816 2808 commota
849 2753 879 2807 ct
908 2749 1084 2824 perturbata
1114 2750 1143 2808 iu
1175 2750 1341 2809 contrarias

216 2849 413 2924 cogitationes
439 2849 667 2909 distraheretur.
707 2851 768 2909 Iam
795 2852 913 2910 Procne
936 2870 1002 2910 cum
1026 2851 1190 2912 Philomela
1214 2869 1339 2928 puerum

214 2951 245 3010 in
280 2951 397 3010 domum
432 2951 571 3027 abducit,
611 2952 681 3025 (hoc
714 2971 835 3029 quoque
874 2955 902 3012 iu
937 2971 1046 3013 scaeua
1080 2956 1205 3031 antiqua
1239 2972 1340 3014 neces-

215 3054 324 3114 sarium
348 3056 482 3115 serravit
504 3052 640 3132 Ovidius,
663 3054 701 3114 cf.
724 3074 751 3115 v.
767 3058 842 3116 636:

668 3210 724 3252 nec
747 3210 837 3266 mora,
860 3193 953 3253 traxit
975 3194 1056 3270 ltyn;

213 3294 374 3370 sequentia
399 3312 485 3354 vero:

666 3379 758 3438 veluti
783 3379 949 3456 Gangetica
972 3397 1081 3440 cervae

342 3481 502 3540 lactentem
525 3480 617 3540 fetum
642 3499 696 3558 per
719 3481 810 3541 silvas
833 3483 919 3558 tigris
942 3500 1051 3558 opacas

213 3614 391 3676 Ouidianum
415 3623 462 3677 est
484 3613 712 3693 ornamentum.)
756 3618 844 3677 Tunc
866 3637 938 3678 vero
967 3636 1085 3678 servum
1109 3618 1185 3691 (aive
1208 3617 1337 3691 servam)

213 3736 251 3778 ex
274 3718 362 3779 domo
385 3719 533 3798 prodiisse
558 3720 694 3790 arbitror,
718 3724 752 3780 ut
774 3721 866 3780 choro
890 3718 919 3794 (i.
933 3739 957 3780 e.
973 3717 1205 3797 spectatoribus)
1222 3721 1338 3781 diecret

213 3820 360 3898 suspicari
389 3839 422 3881 se
446 3817 520 3896 (sive
551 3826 632 3882 certo
658 3820 759 3900 scire),
792 3823 932 3882 mulieres
959 3841 1053 3900 puero
1081 3828 1203 3884 mortem
1231 3823 1337 3901 moliri,

211 3924 254 3982 ita
277 3926 309 3983 ut
330 3923 381 3983 ille
404 3921 538 3996 (chorus)
562 3923 619 3983 boe
641 3941 699 3984 non
721 3923 835 3984 admitti
857 3925 966 3984 dehere
983 3931 1064 3985 natus
1079 3943 1200 3984 servum
1220 3925 1336 3986 iuberet

212 4042 313 4101 regem
337 4043 503 4102 arcessere;
527 4026 584 4086 hoc
607 4028 685 4086 euim
708 4027 805 4086 solum
829 4026 896 4086 loco
920 4025 1119 4105 fragmentum
1143 4026 1213 4086 illud
1230 4028 1336 4087 Accia-

211 4146 283 4186 num
315 4129 405 4187 inseri
439 4147 527 4204 posse
557 4128 627 4187 mihi
650 4129 770 4188 videtur
792 4127 857 4202 (Set
878 4130 939 4189 oiri
961 4129 1107 4188 clamoris
1132 4146 1234 4204 repent
1257 4129 1335 4203 etc).

211 4229 262 4305 At,
284 4236 318 4290 ut
339 4247 438 4308 saepe,
467 4231 549 4290 chori
572 4232 729 4290 conamina
751 4236 822 4290 suut
848 4232 961 4308 inania,
988 4232 1044 4291 iam
1068 4249 1143 4290 cena
1165 4236 1261 4293 taetra
1275 4251 1334 4309 pa·
1424 4301 1425 4304 Ἴ

212 4336 307 4408 ratur,
337 4351 397 4409 qua
419 4334 529 4393 inscius
552 4333 661 4394 fruitur
684 4335 809 4394 Terens.
833 4363 872 4373 -
896 4334 1026 4394 Tantum
1050 4333 1120 4392 mihi
1143 4352 1180 4393 ex
1203 4333 1334 4411 reliquiis

212 4435 354 4510 cognosci
376 4452 464 4511 posse
486 4435 615 4495 ridetur.
659 4436 721 4494 lam
744 4437 783 4511 ai,
809 4453 869 4512 quo
893 4435 956 4497 fere
979 4441 1113 4514 tempore
1135 4436 1252 4497 Tereus
1274 4442 1334 4496 tra·

1134 4547 1181 4599 17*
