3104 5198
320 398 381 455 292

319 568 428 623 natura
450 563 584 638 requirit.
629 563 686 624 Sed
722 564 775 623 bas
806 581 854 621 ros
877 564 1115 639 contemplantes
1143 564 1200 622 iam
1222 562 1252 621 in
1277 581 1339 622 carn
1365 562 1443 621 dela·

320 666 417 726 bimur
440 666 655 742 quaestionem,
678 684 757 742 quae
779 666 869 725 totius
885 665 1143 725 commentationis
1166 681 1280 724 somma
1302 668 1356 738 est,
1379 682 1443 723 eam

320 768 395 839 dico,
419 771 451 827 nt
474 772 625 827 auctorem
657 767 745 828 bnins
767 766 856 828 moris
879 766 1009 827 scaenici
1034 768 1256 842 investigemus.
1300 765 1388 840 Quod
1413 770 1446 825 ut

319 888 428 930 revera
459 869 656 948 perficiamus,
685 870 871 947 singulorum
904 870 1029 929 maxime
1052 874 1210 946 poetarum
1235 866 1352 928 indoles
1375 867 1444 928 mibi

319 972 528 1049 respiciendae
545 972 695 1050 videntur,
718 979 751 1032 ut
772 973 858 1032 cuius
873 972 993 1047 ingenio
1010 976 1141 1031 mntalus
1152 971 1205 1030 ille
1222 971 1443 1048 tragoediarum

320 1076 412 1150 color,
435 1076 551 1152 qualem
569 1073 657 1135 modo
681 1073 865 1149 adumbravi,
887 1074 1012 1134 maxime
1028 1074 1193 1146 conveniat,
1216 1073 1444 1132 constituamus.

319 1177 418 1253 Atque
448 1177 528 1237 baud
559 1177 620 1236 scio
652 1196 690 1236 an
723 1176 875 1236 meliorem
904 1177 933 1234 in
966 1175 1021 1235 bac
1051 1177 1100 1234 via
1130 1173 1236 1234 dneem
1268 1176 1352 1251 seqni
1384 1193 1443 1235 non

320 1281 467 1355 possimus
497 1297 585 1356 quam
608 1279 839 1356 Aristophanem
863 1277 1021 1353 comicum,
1051 1277 1163 1354 qnippe
1194 1278 1245 1354 qui
1269 1283 1351 1337 certo
1375 1295 1444 1337 acu·

320 1382 399 1441 mine
422 1400 458 1440 ea
485 1382 559 1440 artis
582 1378 762 1457 Euripideae
785 1381 909 1457 propria
931 1378 1146 1455 designaverit,
1176 1397 1254 1457 quae
1276 1397 1294 1438 a
1317 1380 1446 1456 pristina

320 1482 493 1559 tragoediae
515 1483 662 1558 gravitate
678 1482 840 1542 abhorrere
862 1481 1072 1541 arbitrabatur.
1117 1483 1243 1541 Exstant
1258 1485 1357 1541 autem
1381 1483 1446 1541 eius

321 1584 433 1644 iudicia
464 1602 529 1644 cnm
561 1584 670 1660 passim
702 1585 730 1644 in
755 1585 891 1645 omnibns
915 1584 1073 1645 comoediis
1095 1589 1157 1644 tum
1188 1585 1365 1661 initeris,
1395 1583 1445 1642 ubi

321 1686 371 1745 lite
394 1687 446 1745 illa
468 1688 546 1746 inter
561 1686 742 1764 Aeschylum
766 1692 796 1747 et
812 1686 984 1763 Euripidem
1000 1684 1069 1745 ficta
1091 1685 1173 1745 baud
1195 1686 1334 1762 ambigue
1357 1704 1444 1745 sunm

320 1790 465 1865 pristinae
497 1806 625 1865 poeseos
659 1807 803 1860 amorem,
836 1790 965 1850 recentis
998 1786 1098 1861 odium
1133 1788 1284 1865 patefecit
1340 1788 1447 1864 ltaque

321 1890 448 1966 primum
482 1877 522 1948 τό
556 1879 813 1968 δημοκρατικόν,
852 1896 884 1948 nt
919 1890 1013 1966 ipsius
1046 1889 1197 1964 Euripidis
1231 1889 1446 1966 Aristophane-i

321 1993 421 2053 verbis
444 1998 511 2052 utar
526 1990 602 2065 (ran.
618 1989 703 2069 952),
724 1998 757 2052 nt
779 1992 908 2052 recentis
925 2010 1051 2068 poeseos
1067 1991 1218 2068 peculiare
1240 1993 1314 2051 scite
1336 1993 1447 2051 affert:

323 2113 382 2171 quo
423 2094 585 2171 opprobrio
627 2112 700 2153 vera
736 2093 889 2170 Euripidis
927 2098 1034 2153 natura
1069 2095 1274 2171 pestringitnr.
1329 2095 1447 2169 Nempe

327 2196 459 2256 comicus
490 2214 545 2256 suo
569 2213 651 2256 more
674 2212 730 2272 per
751 2197 848 2255 iocum
865 2196 1039 2273 Euripidem
1062 2195 1137 2256 adeo
1159 2190 1344 2274 παρρησίας
1366 2215 1394 2272 q.
1411 2215 1448 2270 v.,

325 2316 403 2374 quae
432 2303 476 2359 est
497 2298 625 2358 absoluti
649 2298 765 2375 imperii
789 2298 942 2376 popularis
964 2297 1090 2375 insigne,
1120 2304 1267 2359 amantem
1291 2297 1384 2374 fingit,
1415 2301 1449 2357 nt

322 2418 426 2460 servos
458 2418 558 2477 reges,
588 2400 719 2476 virgines
748 2418 823 2460 anus
846 2417 940 2477 aeque
964 2398 1074 2460 diserte
1103 2400 1185 2477 lcqni
1209 2400 1343 2469 iubeat.¹)
1387 2398 1447 2459 Sed

325 2502 371 2562 bis
394 2503 468 2561 iocis
484 2502 599 2562 omissis
623 2502 695 2561 nibil
716 2502 797 2562 aliud
820 2503 850 2562 in
873 2502 925 2562 illo
941 2502 1063 2563 crimine
1086 2502 1178 2563 latere
1201 2507 1274 2578 puto
1297 2502 1353 2562 nisi
1376 2502 1448 2562 boc:

323 2604 495 2680 Euripidem
526 2605 648 2663 niminm
680 2622 752 2664 suae
782 2604 888 2665 aetatis
917 2602 1011 2664 indoli
1038 2604 1187 2664 tribuisse.
1230 2606 1337 2681 Neque
1369 2606 1447 2665 enim

323 2723 399 2782 opus
429 2712 475 2766 est
504 2724 665 2782 exponere,
695 2724 784 2782 quarn
816 2710 899 2766 arcto
922 2706 1043 2766 vinculo
1073 2724 1108 2765 ea
1136 2707 1320 2784 reipublicae
1343 2706 1450 2782 torma,

324 2826 412 2885 quam
437 2801 664 2887 δημοκρατίαν
679 2807 834 2882 vocabant,
858 2827 924 2868 cnm
949 2814 1012 2868 tota
1034 2809 1113 2868 illius
1136 2809 1315 2886 sophisticae
1338 2810 1446 2869 aetatis

323 2910 424 2970 indole
454 2911 612 2970 coniuncta
642 2910 739 2970 inerit.
783 2911 827 2971 Ae
858 2929 957 2971 nonne
991 2929 1098 2971 revera
1127 2913 1178 2971 illa
1202 2911 1355 2989 Euripidis
1378 2931 1448 2971 con·

323 3013 460 3090 suetudo,
482 3030 628 3090 personas
650 3012 824 3088 tragoediae
845 3031 934 3089 quam
960 3015 1085 3073 maxime
1108 3013 1198 3089 humi,
1223 3018 1255 3073 ut
1276 3016 1318 3074 ita
1341 3014 1449 3086 dicam,

324 3116 500 3175 detrahendi
529 3123 620 3192 atque
653 3116 818 3175 cotidianae
849 3117 927 3176 vitae
957 3117 1217 3189 accommodandi,
1251 3119 1376 3177 maxime
1410 3137 1448 3177 cx

324 3237 426 3279 eorum
450 3219 599 3278 sententia
628 3231 695 3277 esse
718 3217 851 3294 videtur,
880 3220 932 3295 qui
960 3219 1063 3296 populi
1093 3221 1122 3278 in
1145 3219 1381 3279 administranda
1404 3239 1449 3280 re·

324 3320 444 3397 publiea
473 3320 639 3380 absolutam
672 3324 849 3396 potestatem
873 3321 1090 3398 comprobant?
1133 3322 1204 3381 lllos
1227 3323 1304 3381 enim
1327 3341 1449 3398 quoque

324 3441 420 3500 aequo
451 3423 590 3483 omnibns
619 3422 682 3481 iure
706 3439 849 3483 concesso
876 3423 1043 3500 principum
1067 3423 1207 3484 nobilium
1232 3426 1309 3484 inter
1332 3430 1450 3484 ceteros

327 3526 518 3585 eminentium
537 3526 665 3584 bonores
680 3525 836 3600 aspernari
851 3544 907 3601 par
922 3531 975 3585 est.
998 3527 1104 3602 ltaque
1117 3525 1287 3602 Euripides,
1304 3533 1335 3585 ut
1350 3546 1449 3604 aequo

325 3629 391 3687 inre
413 3645 517 3686 omnes
540 3627 804 3704 complecteretur,
828 3628 929 3703 pneris
953 3647 1074 3706 quoqne
1103 3631 1256 3706 proprium
1286 3629 1316 3689 in
1340 3647 1450 3689 scaena

325 3858 378 3896 nos
399 3841 483 3896 nihilo
502 3841 593 3897 secius
609 3841 792 3911 Aeschyleam
811 3842 981 3912 tragoediam
999 3843 1092 3911 pueris
1110 3843 1230 3898 carnisse
1248 3844 1402 3910 statuimus,
1421 3845 1448 3898 id

325 3927 360 3981 ad
377 3932 537 3996 apparatum
555 3927 723 3996 scaenicum,
741 3942 798 3980 non
816 3927 851 3981 ad
869 3928 963 3995 poesis
981 3938 1103 3983 naturam
1121 3933 1238 3997 spectat.
1273 3928 1358 3983 Aliud
1376 3930 1448 3983 enirn

326 4017 370 4067 est
393 4012 428 4067 dc
452 4011 544 4080 pueris
566 4027 688 4079 narrare,
715 4011 790 4066 aliud
819 4029 921 4080 pueros
939 4018 1055 4082 agentes
1072 4012 1171 4069 iacere.
1187 4044 1219 4052 -
1237 4014 1374 4070 Scholinm
1393 4017 1449 4069 Ito-

325 4097 405 4153 berto
423 4097 521 4152 debeo.

412 4185 434 4251 ¹)
452 4183 508 4237 vid.
524 4181 572 4237 Ar.
589 4199 646 4238 ran.
664 4187 800 4253 948sqq.:
829 4177 917 4238 ἔπειτ’
942 4177 999 4238 ἀπὸ
1023 4191 1082 4239 τῶν
1104 4178 1230 4255 πρώτων
1257 4180 1337 4241 ἐπῶν
1364 4179 1450 4240 οὐδὲν

325 4269 432 4338 παρῆκ’
451 4261 486 4323 ἂν
504 4262 604 4338 ἀργόν,
623 4263 682 4323 ἀλλ’
701 4263 804 4339 ἔλεγεν
827 4267 844 4338 ἡ
864 4265 934 4339 γυνή
956 4265 1051 4337 τέμοι
1068 4265 1113 4339 χαί
1130 4273 1233 4335 δοῦλος
1251 4263 1335 4327 οὐδὲν
1354 4258 1449 4340 ἦττον,

324 4347 367 4425 χώ
386 4349 528 4422 δεσπότης
545 4347 581 4423 κη’
599 4349 749 4426 παρθένος
764 4347 801 4423 χή
819 4361 910 4427 γραῦς
928 4347 970 4411 ἄν.
