3104 5198
208 428 271 487 258

209 597 301 670 retur,
323 591 424 652 labala
440 592 579 668 satyrica,
602 566 680 669 quae
699 584 869 668 Ἀχιλλέως
892 584 1027 670 ἐρασταί
1048 591 1230 665 inscribitur,
1253 592 1338 666 pate-

209 693 289 754 fecit.
322 694 389 767 Quia
412 694 441 753 in
465 712 497 754 re
520 694 608 769 longe
631 693 723 753 distat
739 694 775 754 ab
792 694 944 770 Euripide,
966 694 1086 754 homine
1105 712 1222 766 severo,
1246 709 1338 769 quem

209 796 318 879 scimus
341 800 431 854 iotam
449 795 651 872 Chrysippum
675 794 713 854 ad
737 793 995 855 condemnandum
1018 812 1179 871 puerorum
1203 809 1338 852 amorem

210 898 433 973 conscripsisse.
471 897 557 970 Quae
580 915 646 956 cum
671 898 713 956 ita
735 898 804 972 siut,
826 915 882 971 ego
905 896 979 957 illud
1002 897 1100 958 Ovidii
1123 894 1338 964 testimonium,

209 999 292 1076 quod
316 997 353 1059 ad
377 999 532 1059 Achillis
563 1004 739 1058 amatores
762 997 918 1058 Nauclsius
941 999 1065 1075 rettulit,
1086 997 1214 1060 Troilo
1238 994 1337 1056 viudi-

210 1102 338 1162 candum
361 1107 445 1180 puto,
467 1103 642 1178 praesertim
667 1119 733 1161 oum
757 1101 832 1161 haec
854 1102 893 1161 sit
914 1101 992 1162 illius
1014 1102 1070 1163 loci
1086 1103 1141 1174 vis,
1164 1103 1252 1161 eliam
1277 1105 1338 1159 tra-

210 1205 360 1281 goediam,
382 1206 519 1282 quamvis
541 1222 664 1265 severae
688 1212 813 1264 naturae
833 1205 879 1280 sit,
902 1205 1094 1265 descendisse
1114 1203 1151 1262 ad
1168 1204 1339 1264 obscoenos

210 1308 304 1377 iocos;
329 1305 366 1366 de
388 1306 490 1366 labala
512 1308 653 1382 satyrica,
676 1306 761 1365 cuius
783 1306 828 1365 vis
850 1307 881 1365 iu
904 1306 962 1365 illis
984 1307 1057 1366 iocis
1076 1307 1173 1382 posita
1189 1310 1245 1380 est,
1265 1304 1339 1364 talia

212 1427 333 1469 monere
354 1410 487 1484 Ineptum
509 1415 563 1468 est
591 1409 671 1467 Ecce
686 1407 771 1468 locus
787 1407 954 1468 Ouidianus
971 1407 1071 1477 (Trist-
1087 1403 1338 1484 11,409—412):

365 1511 419 1570 hist
441 1515 471 1570 el
493 1511 524 1568 in
547 1509 712 1570 obscaenus
736 1509 853 1569 deflexa
875 1510 1032 1586 tragoedia
1053 1511 1132 1570 risus

417 1613 571 1690 multaque
594 1613 748 1689 praeterIti
770 1611 863 1672 verba
885 1611 1010 1689 pudoris
1032 1612 1132 1687 hahet,

367 1733 423 1774 noc
446 1718 535 1775 uocet
557 1716 681 1786 auctori,
704 1715 820 1775 mollem
844 1716 895 1791 qui
919 1714 991 1774 lecit
1013 1714 1168 1792 Achillem,

418 1815 579 1893 infregisse
601 1817 663 1876 suis
686 1816 776 1876 fortia
799 1814 877 1876 lacta
900 1815 1003 1877 modis.

213 1920 350 1980 Troilum
381 1920 410 1979 iu
443 1919 542 1978 fabula
574 1919 689 1978 sortiter
720 1936 751 1978 se
775 1919 911 1994 gessisse,
943 1920 980 1978 ab
1004 1919 1121 1979 Achille
1144 1917 1337 1979 interfectum

214 2019 314 2097 esse,¹)
338 2019 450 2080 docent
471 2020 545 2080 haec
568 2020 660 2080 verba
682 2020 850 2097 paedagogi
873 2019 941 2096 (lug.
955 2019 1042 2093 oilli:

364 2112 428 2182 τὸν
450 2106 663 2199 ἆνὸρόπαιδα
686 2111 884 2201 inanimati
908 2107 1073 2182 ἀπώλεσα.

212 2227 345 2287 Fabulae
377 2230 557 2285 structuram
583 2231 615 2284 ul
637 2244 675 2284 ex
698 2224 742 2283 his
765 2224 893 2284 exilibus
916 2226 1040 2302 reliquis
1063 2226 1263 2297 restituamus,
1287 2225 1339 2285 vix

213 2327 375 2403 continget.
419 2327 486 2386 Hoc
509 2324 692 2397 addendum,
723 2325 804 2401 quod
826 2327 875 2385 vel
898 2345 953 2402 per
975 2345 1008 2388 se
1031 2332 1127 2404 patet,
1154 2327 1249 2387 Troili
1273 2344 1339 2403 per-

212 2448 316 2490 sonam
340 2448 358 2488 a
381 2428 513 2504 legitimo
537 2428 681 2487 histrione
703 2432 816 2505 gestam
840 2445 916 2488 esse.

299 2532 359 2590 Iam
383 2534 498 2590 restant
520 2529 679 2605 Sophoclis
701 2530 821 2590 fabulae
844 2535 997 2607 quattuor,
1019 2549 1097 2607 quae
1119 2530 1274 2591 laetiorem
1298 2531 1340 2589 in·

214 2633 312 2693 dolom
336 2651 409 2710 prae
432 2650 464 2693 se
487 2633 591 2691 tulisse
614 2632 765 2708 videntur,
792 2631 938 2708 siquidem
962 2637 1031 2704 tres,
1060 2633 1216 2692 Achillis
1246 2651 1341 2692 ama·

214 2740 327 2810 tores,
349 2735 607 2810 Dionysiacos,
629 2734 888 2793 Heracleiscus
911 2735 1060 2811 satyricae
1081 2734 1172 2795 fuisse
1188 2733 1341 2806 feruntur;

214 2836 268 2897 sed
292 2836 468 2912 Polyidus
498 2855 618 2913 quoque
647 2837 710 2896 sive
734 2838 844 2896 Vates
867 2822 1039 2911 (Μάντεις)
1069 2837 1176 2897 laetam
1200 2842 1340 2897 naturam

215 2942 363 3011 habuisse,
386 2939 512 2999 fortasse
536 2939 684 3014 satyricae
706 2939 823 2999 iahulae
847 2940 944 2998 locum
968 2940 1098 2999 tenuisse
1122 2940 1250 3000 videtur.

301 3045 347 3101 Ile
380 3036 498 3103 iciillis
532 3037 736 3117 amatoribUS,
770 3044 800 3101 in
834 3061 894 3118 qua
926 3041 1058 3101 Achilles
1091 3043 1342 3103 adulescentulus

215 3149 327 3224 primas
349 3151 451 3222 partes
475 3147 573 3223 egisse
595 3146 724 3222 videtur,
748 3147 788 3206 lta
812 3150 844 3205 ut
866 3164 973 3205 revera
995 3163 1121 3221 puerum
1145 3165 1206 3207 uon
1229 3146 1343 3207 habea-

217 3267 290 3320 mus,
313 3267 405 3324 supra
428 3250 484 3307 iam
508 3248 577 3308 diri.

303 3353 336 3411 In
359 3345 534 3428 dionysiada
557 3350 660 3410 sabula
682 3351 814 3427 satyrica
836 3351 935 3423 (cuius
956 3351 1060 3410 titulus
1076 3357 1165 3411 aulea
1180 3369 1342 3429 perperam

217 3443 438 3524 Διονυσιακός
459 3452 626 3530 legebatur)
657 3453 694 3512 de
716 3455 853 3531 Dionyso
880 3454 944 3513 sive
966 3452 1074 3513 Libero
1103 3453 1216 3513 insanie
1239 3459 1340 3512 actum

216 3575 282 3617 esse
305 3574 401 3634 nuper
424 3556 555 3617 ostendit
577 3554 732 3629 Oruuius³l
756 3576 793 3616 ex
816 3555 995 3633 fragmento,
1023 3558 1070 3615 cui
1093 3557 1197 3616 titulus
1219 3555 1342 3616 fabulae

216 3660 366 3735 ascriptus
390 3665 444 3736 est,
466 3658 534 3719 hoc:

304 3809 327 3872 ¹)
344 3804 522 3860 Conieronda
548 3810 593 3858 est
618 3805 724 3872 pictura
748 3804 927 3872 Pompeiana,
959 3820 1013 3873 qna
1035 3803 1145 3859 Troilus
1172 3819 1241 3872 puer
1268 3820 1341 3872 equo

218 3893 323 3947 vehens
351 3897 470 3946 armatus
495 3896 716 3958 repraesentatur
743 3894 794 3956 est,
822 3905 902 3957 quom
921 3889 1043 3945 Achilles
1066 3905 1081 3944 a
1102 3895 1182 3958 tergo
1201 3889 1342 3959 opprimit,

218 3979 298 4033 laeva
315 3977 374 4032 oius
392 3976 507 4044 capillos
526 3981 632 4042 tenens,
652 3975 768 4029 dextera
785 3974 905 4043 gladium
918 3976 1066 4044 stringens.
1093 3977 1178 4041 Quam
1191 3975 1341 4045 imaginem

219 4064 435 4132 Hcydemaunus
454 4062 524 4116 falso
544 4068 575 4114 at
586 4061 733 4116 Herculem
752 4076 813 4114 oum
826 4061 968 4116 Amazone
981 4062 1176 4129 interpretatus
1190 4066 1234 4116 eet
1246 4059 1341 4129 (Aroh.

220 4151 286 4204 Zeia
303 4154 377 4216 1871,
394 4165 422 4217 p.
433 4152 486 4213 65).
512 4149 601 4202 Recte
620 4146 765 4215 Helhigius
784 4146 854 4201 Bull.
867 4146 1005 4202 dell’Inst.
1021 4151 1094 4214 1868,
1112 4163 1138 4215 p.
1149 4151 1181 4200 37
1200 4152 1229 4201 et
1246 4148 1341 4218 Camp.

220 4234 385 4302 Wandgem.
403 4251 430 4302 p.
440 4238 490 4289 too
500 4250 543 4303 sq.

306 4321 328 4388 ²)
348 4320 380 4374 oi.
399 4319 544 4374 Blomfield
562 4335 613 4387 pro
631 4317 699 4371 trad.
719 4311 870 4384 δεσπότης.

306 4406 329 4480 ³)
347 4405 416 4460 Mus.
430 4404 518 4459 Rhcn.
536 4404 591 4459 vol.
604 4402 731 4472 XLVIII,
748 4417 776 4470 p.
787 4405 844 4456 152.
