3104 5198
211 391 272 463 222

210 573 320 634 tandm
342 573 413 649 sint,
436 591 529 650 puero
553 578 604 632 aut
627 573 683 649 ipsi
707 575 876 652 eceyclema
898 575 1121 636 ascendendum
1145 583 1198 652 est,
1220 580 1274 636 ant
1297 572 1342 633 ab

211 677 270 736 alio
300 676 401 752 aliquo
432 676 556 735 tollatur
582 694 705 737 necesse
729 681 781 736 est.
826 678 893 736 Non
917 682 976 736 tam
1000 678 1109 738 humile
1132 680 1189 738 irae
1211 677 1342 756 quidem

210 782 239 840 in
270 779 425 855 tragoedia
454 778 546 838 fnisse
575 778 649 839 illud
681 780 866 856 vehiculum,
896 785 927 840 ut
957 799 1016 841 non
1047 800 1122 859 puer
1152 800 1187 841 eo
1210 781 1344 841 deberet

210 882 317 954 attolli,
351 882 400 940 vel
430 881 499 942 iude
530 880 563 940 fit
592 882 761 959 probabile,
791 882 871 960 quod
903 901 956 960 per
980 885 1056 943 banc
1079 883 1209 943 tabulam
1234 899 1341 959 neque

210 1004 247 1044 cx
270 986 472 1061 eccyclemate
496 986 525 1044 in
550 985 731 1045 orchestram
755 985 957 1059 descenditur,
980 1006 1077 1062 neque
1100 986 1273 1046 ascenditur
1297 1003 1341 1045 ex

210 1089 366 1148 orchestra
389 1089 418 1146 in
440 1088 621 1163 eccyolema:
635 1086 656 1159 1)
679 1088 757 1147 Aiax
773 1087 924 1148 invehitur
939 1089 1021 1148 solus
1037 1109 1063 1147 v.
1076 1092 1150 1166 595;
1172 1090 1342 1149 Tecmessa

210 1190 289 1250 redit
322 1192 351 1248 iu
386 1191 544 1249 tentorium
581 1209 607 1247 v.
642 1190 759 1249 demum
795 1193 869 1264 685,
902 1210 963 1267 quo
998 1192 1053 1250 iam
1088 1193 1253 1251 revolutum
1289 1192 1342 1249 ost

210 1292 387 1367 eceyclema.
432 1293 567 1352 Demitur
590 1311 665 1368 puer
688 1293 724 1352 de
740 1293 940 1368 eooyclemate
957 1312 983 1350 v.
1000 1297 1062 1355 578
1078 1312 1155 1371 sqq.;
1178 1294 1207 1353 in
1224 1311 1340 1352 scaeua

210 1400 310 1454 manet
340 1394 467 1455 sortasse
497 1414 562 1453 cum
594 1399 689 1454 matre
712 1396 865 1472 usquead
889 1415 917 1454 v.
935 1399 1008 1466 685,
1038 1416 1098 1473 quo
1121 1397 1280 1455 Tecmessa
1307 1395 1338 1452 in

209 1499 370 1559 tentorium
401 1498 439 1558 ab
462 1499 554 1557 Aiace
585 1499 719 1557 mittitur.
772 1499 881 1558 lterum
912 1517 986 1574 puer
1014 1518 1080 1558 cum
1111 1506 1204 1559 matre
1231 1499 1340 1558 introit

209 1620 348 1661 scaenam
383 1620 409 1658 v.
435 1603 530 1676 1168,
564 1606 722 1676 manetque
755 1600 793 1659 ad
825 1600 921 1660 finem.
973 1602 1052 1674 Quin
1083 1603 1169 1662 etiam
1201 1602 1337 1679 paullum

210 1723 300 1781 agere
330 1703 509 1780 cogitandus
536 1710 594 1779 est,
623 1703 737 1763 scilieet
757 1704 876 1764 Teucer
898 1723 963 1763 eum
988 1706 1152 1781 supplicem
1177 1704 1213 1762 ad
1238 1706 1338 1782 patris

209 1805 317 1865 mortni
335 1824 445 1881 eorpus
461 1805 588 1865 collocat
604 1805 729 1882 capillos
745 1806 831 1863 trium
848 1805 1014 1881 supplicum
1031 1805 1167 1865 manibus
1183 1811 1336 1865 tenentem

210 1908 306 1981 (1171
330 1906 416 1985 sqql.
472 1909 673 1983 Postremum,
710 1926 776 1966 cum
807 1909 900 1984 patris
930 1926 1040 1984 corpus
1068 1907 1235 1979 auferatur,
1269 1910 1337 1985 ipse

210 2030 332 2089 quoque
356 2016 469 2087 patrem
493 2016 621 2086 tangens
644 2012 763 2087 pictatis
785 2009 912 2070 officium
937 2015 1079 2087 praestat.

294 2114 327 2173 111
352 2105 453 2191 oedipi
478 2107 560 2189 repis
582 2113 663 2173 initio
684 2112 848 2188 Sophocles
872 2132 1007 2190 magnam
1031 2130 1191 2189 puerorum
1215 2113 1334 2172 turbam

209 2216 331 2293 prodire
354 2216 453 2287 iussit,
481 2234 556 2292 quos
579 2215 719 2275 sacerdos
742 2215 907 2291 supplices,
930 2221 963 2274 nt
985 2234 1083 2292 regem
1108 2215 1145 2274 de
1168 2215 1337 2275 avertenda

208 2324 292 2395 peste
315 2318 588 2396 interpellarentur,
610 2322 679 2378 ante
702 2336 800 2377 arcem
824 2318 936 2393 regiam
961 2317 1052 2377 duxit
1089 2318 1123 2376 In
1147 2320 1207 2376 aris
1227 2319 1337 2377 sedent

210 2420 285 2499 (16),
309 2422 444 2480 nimirum
469 2439 567 2480 ramos
585 2422 654 2480 lana
669 2419 827 2479 obvolutos
843 2420 977 2479 manibus
993 2424 1137 2479 tenentes.
1175 2421 1338 2480 Deccdunt

210 2543 276 2584 cum
300 2524 457 2584 sacerdote
479 2543 506 2583 v.
524 2527 593 2585 150.
615 2553 656 2562 -
680 2524 842 2582 Praeterea
863 2523 892 2581 in
918 2521 976 2582 line
999 2521 1119 2582 subulae
1141 2524 1170 2581 iu
1194 2542 1336 2582 scaenam

209 2626 361 2703 prodeunt
384 2627 462 2686 duae
483 2625 646 2703 Oedipodis
668 2625 783 2696 filiolae,
806 2643 890 2702 quas,
913 2625 1027 2684 etiamsi
1052 2644 1110 2684 non
1135 2627 1339 2702 nominantur,

210 2731 391 2807 Antigonam
423 2734 453 2789 et
475 2729 618 2788 Ismenam
650 2745 715 2787 esse
744 2746 803 2787 non
833 2726 908 2787 lalso
938 2729 1117 2804 putabimus.
1162 2729 1339 2786 decurrunt

208 2829 317 2905 (1471)
340 2832 503 2892 aCreonte
526 2835 677 2907 evocatae,
700 2837 785 2906 pater
808 2848 859 2889 eas
883 2829 1019 2889 manibus
1041 2832 1137 2905 tangit
1159 2839 1249 2906 atquc
1266 2850 1336 2906 per-

210 2934 317 2993 mulcet
350 2933 459 3004 (1468,
494 2930 597 3004 1481).
653 2935 686 2992 ln
721 2930 779 2991 fine
811 2930 929 2990 tabulae
960 2931 997 2991 de
1030 2950 1141 2990 scaena
1171 2931 1337 2992 decedunt.

209 3038 310 3096 Mutae
326 3044 403 3107 sunl,
419 3038 496 3095 sicut
511 3037 630 3095 omnino
646 3035 730 3111 pueri
748 3052 823 3110 qnos
840 3036 976 3093 novimus
992 3033 1163 3110 Sophoclei;
1185 3054 1338 3111 pueros,

208 3158 268 3199 non
293 3139 448 3215 puellas,
478 3156 579 3197 eorum
605 3154 748 3213 personas
770 3135 917 3211 induisse,
939 3155 976 3196 ex
999 3137 1133 3196 sollemni
1158 3137 1337 3212 tragoediae

209 3260 290 3301 more
312 3241 454 3317 sequitur.

293 3533 495 3591 Transeamus
525 3549 606 3589 nuno
635 3530 671 3588 ad
705 3529 927 3605 Euripidem,
957 3530 1039 3589 cuius
1069 3529 1097 3588 in
1129 3528 1235 3588 fabrilis
1264 3548 1336 3604 per·-

208 3635 364 3695 ecnsendis
386 3652 453 3693 enm
476 3639 642 3709 temporum
667 3632 800 3692 ordinem
824 3649 947 3708 sequar,
974 3650 1061 3708 quem
1087 3631 1337 3691 Wilanrowitzius

210 3739 239 3797 in
263 3738 416 3797 Analectis
439 3735 607 3813 Euripideis
630 3740 660 3794 et
683 3737 711 3793 in
735 3735 864 3794 Hercule
887 3753 941 3794 sno
964 3741 994 3794 et
1015 3735 1188 3794 testimoniis
1211 3741 1240 3793 ct
1262 3754 1336 3794 con·

209 3840 327 3899 iacturis
348 3840 436 3898 nixus
459 3839 622 3898 constitnit.

294 3943 356 4001 Iam
380 3941 410 4000 in
434 3942 639 4018 antiquissima
662 3959 750 4016 quam
775 3940 918 3999 habemus
938 3940 1046 4015 fabula,
1069 3933 1227 4012 dicestide‚
1251 3941 1335 3998 virle-

209 4063 274 4104 mns
306 4043 381 4104 duos
411 4062 520 4120 pueros
547 4042 742 4120 prodeuntes,
771 4042 890 4102 filiolum
919 4043 986 4102 dico
1009 4041 1189 4119 filiolamque
1214 4043 1335 4101 Admeti

295 4212 315 4271 ¹)
334 4207 437 4262 Contra
454 4206 593 4261 Robertus
616 4205 721 4274 (Herm.
733 4205 840 4274 xxxi,
859 4220 885 4273 p.
900 4207 958 4272 537)
984 4211 1062 4274 pluat
1085 4205 1240 4274 escyclema
1264 4220 1335 4260 sane

209 4293 309 4348 humile
333 4292 427 4347 fnisse.
463 4291 518 4347 Sed
541 4292 658 4346 dubitari
681 4296 787 4359 potest,
812 4308 876 4345 num
900 4292 996 4346 eadem
1015 4292 1142 4346 omnibus
1160 4292 1335 4358 temporibus

208 4379 298 4435 forma
314 4378 506 4449 eecyclematis
524 4376 614 4432 fuerit.
