3104 5198
299 425 360 483 286

382 594 418 653 In
449 594 505 654 hac
534 594 639 655 tabula
668 595 725 656 boc
754 597 881 676 primum
913 595 982 657 serit
1010 596 1128 668 oculos,
1160 594 1241 672 quod
1265 610 1364 670 usque
1388 588 1430 649 ad

298 715 409 756 anuum
438 700 499 756 421
531 714 634 757 omnes
668 697 789 758 fabulae
818 698 999 776 Euripidoae
1032 703 1155 776 praeter·
1188 716 1277 758 unam
1309 695 1429 771 Hippo·

298 798 392 874 lytnm
409 797 438 876 b,
456 816 615 874 puerorum
636 805 738 874 partes
754 799 912 876 praebenl;
936 803 1038 876 postea
1061 818 1157 877 usquo
1178 799 1215 859 ad
1231 815 1344 858 aunum
1362 799 1429 855 415

298 899 344 960 bis
366 905 525 977 praeterea
547 899 632 975 pueri
655 900 859 973 inveniuntur,
890 901 943 962 sed
973 903 992 961 ii
1016 902 1136 963 minoris
1159 901 1266 961 aetatis
1290 905 1321 960 et
1344 897 1431 973 muti,

298 1006 368 1077 post
390 1019 457 1061 eum
480 1018 591 1060 annum
616 1000 823 1062 tautummodo
845 1001 1010 1062 simulacra.
1054 1001 1112 1064 Sed
1136 1022 1174 1062 ne
1196 1001 1225 1061 in
1249 998 1431 1077 Sophocleis

299 1106 329 1162 et
358 1103 587 1178 Aristophaneis
619 1103 739 1179 quidem
774 1102 881 1163 sabulis
911 1110 979 1181 pest
1008 1122 1118 1164 anunm
1148 1108 1209 1164 421
1243 1103 1306 1163 reri
1337 1100 1430 1179 pueri

299 1204 447 1282 prodiisse
469 1204 629 1275 videntur,
658 1223 726 1264 narn
757 1204 837 1282 apud
861 1206 1090 1282 Aristophanem
1120 1224 1213 1266 unum
1244 1204 1430 1266 offendimus

298 1307 486 1384 Lysistratae
508 1306 698 1366 simulacrum
723 1312 754 1367 et
775 1325 828 1369 eae
844 1307 1000 1385 Sophoclis
1022 1307 1151 1383 fabulae,
1173 1326 1251 1384 qnae
1275 1307 1367 1366 certis
1390 1323 1430 1362 ex

299 1409 484 1487 argumentis
498 1409 540 1469 illi
552 1408 643 1468 aetati
655 1408 878 1487 adscribuntur,
888 1410 1082 1487 Philoctetes,
1093 1410 1283 1479 trachiniae,
1297 1409 1430 1477 Electra,

299 1510 436 1587 Oedipus
452 1511 613 1588 Coloneus,
635 1512 736 1587 pueris
757 1517 868 1571 carent.
911 1513 1017 1589 ltaque
1038 1513 1062 1572 si
1086 1531 1122 1571 ea
1146 1513 1244 1589 parcis
1268 1511 1314 1570 bis
1336 1527 1431 1587 argu·

303 1614 411 1673 mentis
442 1613 554 1689 aliquid
585 1611 764 1674 concludere
793 1614 875 1691 hcet,
908 1616 937 1673 in
972 1620 1034 1674 toto
1067 1614 1146 1674 illius
1177 1612 1266 1675 moris
1296 1610 1432 1673 scaenici

299 1732 462 1793 progressu
494 1714 565 1775 anni
596 1719 658 1774 421
683 1719 712 1775 et
735 1719 796 1776 415
826 1716 911 1792 quasi
941 1735 995 1792 pro
1024 1716 1158 1776 terminis
1187 1715 1316 1776 habendi
1348 1716 1431 1782 suut,

301 1835 379 1894 quos
402 1818 432 1877 iu
457 1816 559 1877 tabula
581 1816 669 1876 lineis
692 1817 868 1893 subscriptis
890 1818 1015 1894 signavi.
1058 1819 1190 1878 Primum
1214 1817 1346 1894 denique
1369 1820 1431 1875 ter-

299 1921 409 1980 minum
434 1938 544 1979 anuum
567 1921 631 1981 430
654 1918 844 1979 statuendum
868 1918 956 1993 duxi,
987 1920 1125 1996 quoniam
1149 1920 1245 1997 prima
1268 1937 1304 1978 ea
1327 1920 1432 1978 aetate

298 2022 386 2099 pueri
415 2019 569 2096 Euripidei
599 2020 719 2097 quidem
752 2020 817 2080 fere
851 2038 952 2081 omnes
982 2025 1108 2096 canunt,
1142 2040 1208 2081 cnm
1242 2019 1433 2097 posteriores

299 2129 420 2200 praeter
442 2122 614 2199 Supplicem
646 2140 757 2198 pueros
779 2123 839 2182 siut
862 2123 946 2190 muti;
977 2130 1075 2184 tamen
1099 2123 1310 2200 Aristophanis
1339 2121 1432 2198 pueri

300 2243 337 2284 ea
359 2226 425 2302 ipsa
448 2229 557 2302 aetate,
578 2243 638 2301 qua
660 2224 815 2300 Euripidei
838 2229 949 2301 tacent,
971 2224 1063 2284 rerba
1086 2224 1209 2285 faciunt.

387 2326 585 2387 Probavimns
612 2326 704 2403 igitur
732 2344 842 2386 morem
866 2326 957 2402 illum,
979 2325 1019 2386 de
1041 2345 1101 2403 quo
1125 2326 1320 2403 disputamus,
1343 2328 1433 2386 certa

301 2428 431 2507 quadam
461 2429 578 2488 ratione
608 2445 798 2504 progressum
830 2445 903 2504 esse,
933 2429 975 2488 ila
1004 2427 1134 2505 quidem,
1165 2436 1197 2488 ut
1228 2447 1288 2489 non
1320 2427 1432 2488 eodem

300 2549 421 2609 semper
449 2531 479 2590 in
503 2530 617 2590 honore
640 2548 676 2589 ac
699 2531 796 2607 gratia
825 2529 899 2590 illud
931 2528 1087 2589 artificium
1118 2530 1222 2604 fnisse,
1252 2530 1304 2590 sed
1336 2528 1432 2589 certis

301 2631 489 2709 temporibus
520 2636 664 2691 mutatum
691 2637 782 2706 atque
805 2637 950 2691 remotum
974 2649 1039 2691 esse
1063 2631 1211 2691 videatur.
1255 2631 1329 2693 (ium
1353 2647 1433 2690 vero

301 2731 538 2808 fundamentum,
568 2749 628 2808 quo
659 2730 793 2809 nitimur,
823 2750 882 2791 non
914 2732 986 2792 satis
1016 2729 1130 2791 firmum
1163 2734 1202 2791 sit
1224 2733 1261 2792 ob
1285 2733 1432 2808 exiguum

302 2834 494 2912 superstitum
511 2833 678 2893 tabularum
702 2851 867 2908 numerum,
888 2833 1180 2910 circumspiciendum
1204 2838 1259 2910 est,
1281 2833 1434 2909 ecquibns

302 2937 368 2997 aliis
397 2936 583 3013 argumentis
617 2954 652 2993 eu
683 2936 854 2995 coniectura
883 2935 982 2994 fulciri
1010 2935 1112 3011 possit.
1158 2935 1253 3008 Quem
1277 2934 1314 2994 ad
1339 2933 1432 2994 finem

303 3057 407 3101 omues
429 3038 546 3099 fabulas
573 3036 750 3115 Euripideas
783 3055 838 3114 per
868 3040 928 3096 tres
950 3037 1016 3096 illas
1049 3043 1162 3096 aetates
1191 3037 1364 3114 dispertitas
1399 3037 1433 3096 in

303 3161 364 3202 uno
387 3145 553 3219 conspectu
575 3141 676 3219 posui,
705 3141 745 3199 ita
775 3139 907 3216 quidem,
936 3145 969 3198 ut
998 3139 1028 3198 iu
1052 3138 1176 3198 dextera
1202 3145 1288 3215 parte
1311 3157 1363 3199 eas
1388 3139 1433 3197 fa·

302 3244 397 3322 bulas,
419 3262 497 3321 quse
513 3242 658 3321 praebent
674 3260 793 3320 pueros,
814 3243 845 3300 in
860 3241 954 3311 laeva,
977 3259 1055 3316 quae
1077 3259 1137 3300 nou
1160 3240 1314 3317 praebent,
1337 3240 1433 3300 collo-

303 3366 411 3408 canem.
468 3346 552 3420 Quae
590 3345 693 3406 tabula
730 3345 842 3404 etiamsi
878 3343 1056 3403 coniecturis
1090 3343 1195 3403 nititur
1228 3362 1288 3403 non
1324 3342 1433 3419 utique

303 3450 408 3520 certis,
438 3452 537 3508 tamen
567 3448 697 3524 aliquam
721 3445 849 3523 speciem
873 3445 1008 3504 veritatis
1030 3443 1100 3504 iude
1124 3445 1222 3521 colligi
1244 3463 1334 3522 posse
1358 3463 1433 3504 con-

303 3552 437 3614 cedetur.
