3104 5198
1268 425 1328 481 221

209 587 449 648 sacrificantibus
479 589 699 665 ministrabant,
731 589 811 665 quod
841 590 979 667 sequitur
1007 610 1044 650 ex
1071 591 1202 650 Tiresiae
1233 592 1332 650 verbis

210 692 254 750 his
277 690 457 763 (lolatlsh

361 789 502 852 τοιαῦτα
524 783 644 865 παιδὸς
667 779 760 853 τοῦδ’
782 784 977 872 ἐμάνθανον
998 785 1100 872 πάρα,

363 891 535 970 ulliacum
557 891 689 973 σεμνῶν
713 881 839 974 ὀργίων
860 887 1083 974 μαντεύματα.

210 1017 299 1075 Talcs
323 1016 470 1092 camillos,
493 1018 543 1093 qui
568 1016 709 1076 videntur
731 1016 914 1094 epheborum
938 1019 1027 1077 aetati
1051 1019 1206 1095 propiores
1229 1018 1333 1094 fuisse,

210 1137 300 1195 saepe
328 1119 463 1178 videmus
495 1120 523 1178 in
548 1120 745 1179 monumentis
768 1119 865 1196 pictis.
909 1120 1051 1192 eramvis
1074 1122 1163 1196 igitur
1187 1121 1234 1179 hic
1258 1140 1332 1197 puer

210 1222 337 1280 tortasse
368 1240 471 1281 servus
494 1223 533 1280 sit
556 1222 746 1297 cogitandus,
778 1230 875 1282 tamen
899 1242 975 1282 voce
997 1223 1047 1282 illa
1073 1222 1186 1295 ,uate“
1212 1242 1330 1284 servum

210 1326 331 1400 signari,
355 1343 413 1384 non
437 1342 571 1401 puerum,
595 1343 681 1401 nego,
705 1326 874 1385 universum
899 1332 928 1385 et
951 1327 1107 1402 Sophoclis
1131 1331 1160 1386 et
1182 1327 1333 1403 Euripidis

211 1427 356 1486 sermonis
380 1445 462 1486 usum
487 1435 625 1502 secutus,
647 1428 696 1503 qui
720 1445 823 1486 servos
846 1446 905 1487 non
930 1428 986 1486 uisi
1010 1421 1123 1506 δμῶας
1145 1429 1208 1487 sire
1230 1439 1332 1506 προσ-

210 1518 339 1598 πόλους
369 1531 432 1588 sive
464 1520 610 1598 δούλους
638 1530 806 1605 appellent,
836 1532 969 1606 tragicae
1000 1530 1121 1590 dictioni
1152 1529 1223 1590 illud
1254 1536 1333 1600 παῖς

212 1652 270 1690 non
295 1633 457 1692 convenire
481 1633 630 1692 arbitrati:
653 1633 750 1691 minus
774 1631 946 1692 fastidiosus
969 1633 1148 1710 Aeschylus.

298 1735 332 1793 ln
367 1728 457 1794 diaes
490 1733 646 1811 Sophoclis
679 1735 860 1810 Eurysacem
895 1736 995 1794 Aiacis
1028 1735 1163 1814 filiolum,
1196 1737 1334 1814 quamvis

213 1841 339 1911 mrrtum,
370 1838 463 1896 iustas
486 1841 589 1912 partes
611 1855 701 1912 agere
725 1836 872 1913 videmus,
898 1855 1028 1914 namquo
1050 1842 1115 1897 arto
1139 1856 1205 1897 eum
1229 1840 1335 1899 ceteris

212 1940 349 2016 personis
380 1940 499 1998 vinculo
531 1940 707 1999 coniunctus
738 1944 795 2009 est,
826 1939 862 1998 de
893 1959 953 2016 qua
982 1959 1015 1999 re
1045 1940 1122 2000 infra
1150 1940 1246 2000 fusius
1274 1941 1334 2001 dis·

213 2043 375 2115 putabitur.
420 2042 603 2117 Eurysaoem
627 2042 690 2117 ipse
714 2045 803 2118 poeta
826 2059 951 2118 puerum
977 2043 1121 2101 nominari
1145 2041 1214 2101 feeit
1233 2062 1260 2099 v.
1273 2047 1335 2103 340

213 2150 242 2201 et
272 2147 342 2203 575.
395 2143 576 2215 Adducunt,
611 2162 669 2202 non
705 2148 852 2219 portatur,
887 2163 904 2202 a
937 2144 1032 2203 servis
1064 2141 1164 2218 (544);
1193 2151 1225 2204 ut
1259 2145 1335 2204 enim

213 2247 333 2304 omuino
364 2247 392 2305 in
425 2247 480 2304 hae
508 2245 609 2304 tabula
632 2265 690 2305 non
714 2247 754 2304 ita
777 2264 890 2322 parvus
913 2252 1003 2322 atque
1027 2246 1131 2306 debilis
1154 2246 1336 2324 depingitur,

213 2350 255 2406 sic
287 2348 341 2406 hae
371 2350 398 2407 in
422 2367 532 2407 scaeua
555 2366 675 2425 quoque
699 2368 764 2407 eum
790 2349 915 2425 pedibus
937 2348 1090 2409 ambulare
1113 2349 1206 2408 verba
1228 2355 1336 2427 poetae

214 2451 399 2527 patefaciunt
421 2449 494 2522 (541
508 2449 599 2528 sqq.):

304 2551 396 2611 ΤΕΚ.
848 2547 951 2631 δεῦρο
973 2546 1183 2631 προσπόλων

421 2641 472 2732 ἄγ’
495 2639 601 2714 αὐτὸν
624 2642 729 2733 ὅσπερ
749 2650 862 2733 χερσὶν
885 2643 1045 2716 εὐθύνων
1067 2663 1187 2734 κυρεῖς.

334 2755 394 2818 ΑΙ.
418 2747 556 2836 ἕρποντι
580 2764 718 2832 φωνεῖς
740 2757 813 2816 κτλ.

215 2879 361 2938 attollitur
384 2897 412 2936 v.
428 2883 489 2940 445
506 2897 570 2955 sqq.
593 2879 622 2937 in
646 2879 826 2955 eecyelema,
853 2880 901 2939 ubi
925 2879 1010 2940 sedet
1032 2885 1118 2957 pater
1141 2887 1282 2959 tanquam
1305 2884 1334 2941 in

216 2982 345 3041 tentorio
375 2983 453 3041 inter
481 3000 584 3041 caesas
607 2981 748 3059 pecudes.
791 2983 859 3041 Non
883 2984 959 3042 enim
984 3001 1103 3059 possum
1126 2985 1162 3044 iis
1190 2987 1338 3062 assentiri,

214 3085 265 3159 qui
290 3084 549 3157 grammaticorum
573 3083 802 3160 paropigraphis
825 3085 969 3160 neglectis
992 3087 1160 3160 eecyclema
1183 3087 1211 3146 in
1228 3086 1337 3146 fabulis

217 3186 426 3262 superstitibus
459 3192 633 3261 usurpatum
664 3204 729 3245 esse
760 3184 909 3262 negant.¹)
961 3188 1029 3247 Non
1056 3189 1085 3247 in
1114 3207 1213 3265 genua
1235 3190 1336 3249 iubere

218 3289 336 3347 diueem
361 3288 482 3347 tiliolum
506 3289 611 3361 attolli,
634 3288 726 3364 ipsius
749 3288 903 3348 declarant
924 3289 1017 3349 verba
1040 3289 1114 3362 (545
1130 3289 1199 3369 sol:

418 3393 483 3484 αἶρ’
507 3391 613 3465 αὐτὸν
636 3394 706 3484 αἶρε
730 3401 844 3485 δεῦρο·
869 3398 1026 3486 repetere
1049 3398 1110 3488 γὰρ
1134 3395 1184 3485 οὔ,

419 3505 588 3589 νεοσφαγῆ
611 3526 677 3586 μου
699 3499 799 3568 τόνδε
821 3501 1059 3587 προσλεύοσων
1082 3503 1202 3586 φόνον.

214 3631 287 3691 (lum
322 3629 398 3688 enim
435 3631 463 3688 in
499 3630 564 3707 ipso
599 3632 726 3690 tentorio
760 3631 892 3708 pecudes
923 3632 991 3692 illae
1024 3633 1170 3709 sanguine
1200 3633 1338 3710 pertusae

214 3737 345 3808 iaceant,
378 3750 452 3793 voce
484 3733 534 3792 illa
564 3728 664 3809 deripe
695 3735 814 3794 tentorii
839 3735 1009 3795 interiorem
1033 3741 1161 3812 partem,
1193 3754 1271 3813 quae
1293 3756 1339 3796 ee·

215 3837 380 3912 cyclemate
412 3841 668 3912 repraesentatur,
697 3837 857 3912 significari
887 3842 1022 3915 apparet.
1066 3839 1113 3897 lta
1134 3839 1339 3899 tantummodo

214 3939 345 4013 intellegi
376 3943 487 4013 potest,
519 3937 598 4015 quod
629 3946 716 4015 pater
743 3938 815 3998 dicit
837 3939 929 3998 lilium
952 3958 1038 3999 suurn
1061 3940 1193 4000 horribili
1216 3949 1338 4018 aspectu

217 4062 274 4100 non
299 4043 433 4100 territum
458 4043 504 4114 iri,
525 4060 567 4100 sc.
590 4041 613 4099 si
637 4042 796 4101 tentorium
820 4042 984 4102 intraverit.
1028 4043 1100 4104 (lum
1123 4049 1221 4104 autem
1238 4063 1340 4104 omnes

216 4150 335 4220 praeter
358 4140 480 4203 Aiacem
515 4161 661 4219 personae
689 4151 774 4203 extra
796 4145 956 4204 tentorium
980 4144 1044 4204 sive
1067 4148 1238 4222 eeeyclema
1261 4148 1340 4223 cogi·

301 4307 322 4373 ¹)
347 4303 388 4360 Οἱ.
408 4304 525 4373 Nechel,
543 4306 600 4360 Das
618 4305 808 4376 Ehlryhlema,
827 4307 921 4376 Progr.
939 4307 1093 4363 Friedland.
1113 4307 1255 4377 (Obotrit.)
1275 4313 1340 4363 1890

213 4396 241 4445 et
259 4390 536 4460 Durpseld-Rerscu,
554 4391 611 4446 Das
629 4393 800 4461 griechisehe
818 4393 951 4462 Theater,
969 4393 1064 4449 Athea
1084 4398 1161 4463 tsuu,
1178 4411 1205 4463 p.
1219 4399 1268 4448 234
1278 4410 1339 4464 sqq.

1144 4499 1190 4553 to*
