<?xml version="1.0" encoding="UTF-8"?>
<!DOCTYPE html PUBLIC "-//W3C//DTD XHTML 1.0 Transitional//EN"
    "http://www.w3.org/TR/xhtml1/DTD/xhtml1-transitional.dtd">
<html xmlns="http://www.w3.org/1999/xhtml" xml:lang="en" lang="en">
 <head>
  <title>
</title>
<meta http-equiv="Content-Type" content="text/html;charset=utf-8" />
  <meta name='ocr-system' content='tesseract 3.04.00' />
  <meta name='ocr-capabilities' content='ocr_page ocr_carea ocr_par ocr_line ocrx_word'/>
</head>
<body>
  <div class='ocr_page' id='page_1' title='image "./depueroruminres00haymgoog_0058.png"; bbox 0 0 3104 5198; ppageno 0'>
   <div class='ocr_carea' id='block_1_1' title="bbox 1268 433 1329 490">
    <p class='ocr_par' dir='ltr' id='par_1_1' title="bbox 1268 433 1329 490">
     <span class='ocr_line' id='line_1_1' title="bbox 1268 433 1329 490; baseline 0.016 -1"><span class='ocrx_word' id='word_1_1' title='bbox 1268 433 1329 490; x_wconf 72' lang='lat'>267</span> 
     </span>
    </p>
   </div>
   <div class='ocr_carea' id='block_1_2' title="bbox 211 600 1332 779">
    <p class='ocr_par' dir='ltr' id='par_1_2' title="bbox 211 600 1332 779">
     <span class='ocr_line' id='line_1_2' title="bbox 211 600 1332 678; baseline -0.004 -16"><span class='ocrx_word' id='word_1_2' title='bbox 211 609 267 676; x_wconf 85' lang='lat' dir='ltr'>cst,</span> <span class='ocrx_word' id='word_1_3' title='bbox 300 622 366 663; x_wconf 86' lang='lat' dir='ltr'>cum</span> <span class='ocrx_word' id='word_1_4' title='bbox 400 605 489 663; x_wconf 92' lang='lat' dir='ltr'>etiam</span> <span class='ocrx_word' id='word_1_5' title='bbox 524 605 685 663; x_wconf 75' lang='lat' dir='ltr'>histriones</span> <span class='ocrx_word' id='word_1_6' title='bbox 718 603 865 663; x_wconf 90' lang='lat' dir='ltr'>interdum</span> <span class='ocrx_word' id='word_1_7' title='bbox 897 600 1099 678; x_wconf 74' lang='lat' dir='ltr'>singularibus</span> <span class='ocrx_word' id='word_1_8' title='bbox 1130 600 1268 677; x_wconf 90' lang='lat' dir='ltr'>personis</span> <span class='ocrx_word' id='word_1_9' title='bbox 1289 601 1332 658; x_wconf 91' lang='lat' dir='ltr'>iu·</span> 
     </span>
     <span class='ocr_line' id='line_1_3' title="bbox 212 700 720 779; baseline 0.004 -16"><span class='ocrx_word' id='word_1_10' title='bbox 212 704 342 767; x_wconf 90' lang='lat' dir='ltr'>dueudis</span> <span class='ocrx_word' id='word_1_11' title='bbox 364 705 475 766; x_wconf 89' lang='lat' dir='ltr'>bestias</span> <span class='ocrx_word' id='word_1_12' title='bbox 497 706 601 766; x_wconf 86' lang='lat' dir='ltr'>imitati</span> <span class='ocrx_word' id='word_1_13' title='bbox 624 700 720 779; x_wconf 57' lang='lat' dir='ltr'>sinidi</span> 
     </span>
    </p>
   </div>
   <div class='ocr_carea' id='block_1_3' title="bbox 212 816 1336 1723">
    <p class='ocr_par' dir='ltr' id='par_1_3' title="bbox 212 816 1336 1723">
     <span class='ocr_line' id='line_1_4' title="bbox 298 816 1334 904; baseline -0.004 -19"><span class='ocrx_word' id='word_1_14' title='bbox 298 827 342 885; x_wconf 81' lang='lat' dir='ltr'>Ex</span> <span class='ocrx_word' id='word_1_15' title='bbox 373 826 477 887; x_wconf 89' lang='lat' dir='ltr'>eadem</span> <span class='ocrx_word' id='word_1_16' title='bbox 509 845 610 903; x_wconf 85' lang='lat' dir='ltr'>causa,</span> <span class='ocrx_word' id='word_1_17' title='bbox 643 844 703 904; x_wconf 87' lang='lat' dir='ltr'>qua</span> <span class='ocrx_word' id='word_1_18' title='bbox 730 826 901 902; x_wconf 77' lang='lat' dir='ltr'>Cretenses,</span> <span class='ocrx_word' id='word_1_19' title='bbox 930 826 1017 885; x_wconf 88' lang='lat' dir='ltr'>etiam</span> <span class='ocrx_word' id='word_1_20' title='bbox 1048 821 1152 885; x_wconf 78' lang='lat' dir='ltr'>Danae</span> <span class='ocrx_word' id='word_1_21' title='bbox 1178 827 1209 883; x_wconf 89' lang='lat' dir='ltr'>et</span> <span class='ocrx_word' id='word_1_22' title='bbox 1238 816 1334 899; x_wconf 74' lang='lat' dir='ltr'>Styril</span> 
     </span>
     <span class='ocr_line' id='line_1_5' title="bbox 212 925 1332 1005; baseline -0.002 -17"><span class='ocrx_word' id='word_1_23' title='bbox 212 929 325 1005; x_wconf 91' lang='lat' dir='ltr'>primae</span> <span class='ocrx_word' id='word_1_24' title='bbox 359 930 450 989; x_wconf 86' lang='lat' dir='ltr'>aetati</span> <span class='ocrx_word' id='word_1_25' title='bbox 483 927 678 989; x_wconf 86' lang='lat' dir='ltr'>ascribendae</span> <span class='ocrx_word' id='word_1_26' title='bbox 710 934 789 988; x_wconf 77' lang='lat' dir='ltr'>snut</span> <span class='ocrx_word' id='word_1_27' title='bbox 831 929 865 988; x_wconf 92' lang='lat' dir='ltr'>Iu</span> <span class='ocrx_word' id='word_1_28' title='bbox 900 933 1029 1004; x_wconf 87' lang='lat' dir='ltr'>utraque</span> <span class='ocrx_word' id='word_1_29' title='bbox 1058 927 1161 987; x_wconf 84' lang='lat' dir='ltr'>fabula</span> <span class='ocrx_word' id='word_1_30' title='bbox 1189 925 1332 986; x_wconf 79' lang='lat' dir='ltr'>infantem</span> 
     </span>
     <span class='ocr_line' id='line_1_6' title="bbox 213 1027 1335 1106; baseline -0.003 -17"><span class='ocrx_word' id='word_1_31' title='bbox 213 1029 439 1106; x_wconf 87' lang='lat' dir='ltr'>(simulacrum),</span> <span class='ocrx_word' id='word_1_32' title='bbox 469 1030 521 1090; x_wconf 85' lang='lat' dir='ltr'>illa</span> <span class='ocrx_word' id='word_1_33' title='bbox 543 1031 669 1091; x_wconf 89' lang='lat' dir='ltr'>Danaae</span> <span class='ocrx_word' id='word_1_34' title='bbox 692 1036 722 1090; x_wconf 90' lang='lat' dir='ltr'>et</span> <span class='ocrx_word' id='word_1_35' title='bbox 744 1031 833 1103; x_wconf 85' lang='lat' dir='ltr'>lovis,</span> <span class='ocrx_word' id='word_1_36' title='bbox 863 1030 920 1089; x_wconf 89' lang='lat' dir='ltr'>bac</span> <span class='ocrx_word' id='word_1_37' title='bbox 950 1030 1124 1089; x_wconf 72' lang='lat' dir='ltr'>Deidamiae</span> <span class='ocrx_word' id='word_1_38' title='bbox 1146 1035 1177 1088; x_wconf 89' lang='lat' dir='ltr'>et</span> <span class='ocrx_word' id='word_1_39' title='bbox 1198 1027 1335 1104; x_wconf 82' lang='lat' dir='ltr'>Achillis,</span> 
     </span>
     <span class='ocr_line' id='line_1_7' title="bbox 212 1132 1334 1211; baseline 0 -20"><span class='ocrx_word' id='word_1_40' title='bbox 212 1132 336 1194; x_wconf 84' lang='lat' dir='ltr'>filiolum</span> <span class='ocrx_word' id='word_1_41' title='bbox 367 1133 516 1211; x_wconf 89' lang='lat' dir='ltr'>prolatum</span> <span class='ocrx_word' id='word_1_42' title='bbox 547 1151 612 1193; x_wconf 89' lang='lat' dir='ltr'>esse</span> <span class='ocrx_word' id='word_1_43' title='bbox 642 1134 801 1192; x_wconf 89' lang='lat' dir='ltr'>verisimile</span> <span class='ocrx_word' id='word_1_44' title='bbox 831 1139 884 1193; x_wconf 84' lang='lat' dir='ltr'>est</span> <span class='ocrx_word' id='word_1_45' title='bbox 928 1133 963 1192; x_wconf 93' lang='lat' dir='ltr'>lu</span> <span class='ocrx_word' id='word_1_46' title='bbox 992 1133 1106 1210; x_wconf 78' lang='lat' dir='ltr'>scyriis</span> <span class='ocrx_word' id='word_1_47' title='bbox 1136 1137 1218 1192; x_wconf 90' lang='lat' dir='ltr'>certe</span> <span class='ocrx_word' id='word_1_48' title='bbox 1244 1148 1334 1206; x_wconf 87' lang='lat' dir='ltr'>argu·</span> 
     </span>
     <span class='ocr_line' id='line_1_8' title="bbox 212 1234 1335 1311; baseline -0.003 -17"><span class='ocrx_word' id='word_1_49' title='bbox 212 1240 344 1295; x_wconf 86' lang='lat' dir='ltr'>mentum</span> <span class='ocrx_word' id='word_1_50' title='bbox 381 1235 581 1311; x_wconf 86' lang='lat' dir='ltr'>gratissimum</span> <span class='ocrx_word' id='word_1_51' title='bbox 618 1236 727 1296; x_wconf 85' lang='lat' dir='ltr'>amoris</span> <span class='ocrx_word' id='word_1_52' title='bbox 762 1234 940 1295; x_wconf 78' lang='lat' dir='ltr'>clandestini</span> <span class='ocrx_word' id='word_1_53' title='bbox 975 1234 1053 1295; x_wconf 91' lang='lat' dir='ltr'>iuter</span> <span class='ocrx_word' id='word_1_54' title='bbox 1087 1234 1272 1295; x_wconf 87' lang='lat' dir='ltr'>Deidamiam</span> <span class='ocrx_word' id='word_1_55' title='bbox 1305 1236 1335 1292; x_wconf 86' lang='lat' dir='ltr'>et</span> 
     </span>
     <span class='ocr_line' id='line_1_9' title="bbox 213 1334 1335 1414; baseline -0.003 -17"><span class='ocrx_word' id='word_1_56' title='bbox 213 1338 359 1397; x_wconf 80' lang='lat' dir='ltr'>Achillem</span> <span class='ocrx_word' id='word_1_57' title='bbox 382 1338 596 1398; x_wconf 82' lang='lat' dir='ltr'>intercedentis</span> <span class='ocrx_word' id='word_1_58' title='bbox 618 1339 669 1397; x_wconf 85' lang='lat' dir='ltr'>vix</span> <span class='ocrx_word' id='word_1_59' title='bbox 692 1339 825 1414; x_wconf 79' lang='lat' dir='ltr'>neglexit</span> <span class='ocrx_word' id='word_1_60' title='bbox 847 1338 1018 1414; x_wconf 79' lang='lat' dir='ltr'>Euripides</span> <span class='ocrx_word' id='word_1_61' title='bbox 1048 1339 1137 1397; x_wconf 87' lang='lat' dir='ltr'>Hunc</span> <span class='ocrx_word' id='word_1_62' title='bbox 1160 1338 1191 1396; x_wconf 91' lang='lat' dir='ltr'>iu</span> <span class='ocrx_word' id='word_1_63' title='bbox 1214 1334 1335 1395; x_wconf 92' lang='lat' dir='ltr'>modum</span> 
     </span>
     <span class='ocr_line' id='line_1_10' title="bbox 212 1439 1336 1518; baseline -0.002 -18"><span class='ocrx_word' id='word_1_64' title='bbox 212 1460 280 1500; x_wconf 91' lang='lat' dir='ltr'>eum</span> <span class='ocrx_word' id='word_1_65' title='bbox 303 1441 488 1518; x_wconf 89' lang='lat' dir='ltr'>tragoediam</span> <span class='ocrx_word' id='word_1_66' title='bbox 511 1459 595 1501; x_wconf 93' lang='lat' dir='ltr'>suam</span> <span class='ocrx_word' id='word_1_67' title='bbox 617 1439 738 1500; x_wconf 83' lang='lat' dir='ltr'>finxisse</span> <span class='ocrx_word' id='word_1_68' title='bbox 754 1440 902 1501; x_wconf 87' lang='lat' dir='ltr'>Robertus</span> <span class='ocrx_word' id='word_1_69' title='bbox 924 1459 991 1501; x_wconf 90' lang='lat' dir='ltr'>cum</span> <span class='ocrx_word' id='word_1_70' title='bbox 1014 1441 1079 1500; x_wconf 89' lang='lat' dir='ltr'>aliis</span> <span class='ocrx_word' id='word_1_71' title='bbox 1101 1460 1137 1501; x_wconf 83' lang='lat' dir='ltr'>ex</span> <span class='ocrx_word' id='word_1_72' title='bbox 1152 1439 1336 1515; x_wconf 79' lang='lat' dir='ltr'>argumentis</span> 
     </span>
     <span class='ocr_line' id='line_1_11' title="bbox 213 1542 1333 1622; baseline 0 -20"><span class='ocrx_word' id='word_1_73' title='bbox 213 1549 275 1603; x_wconf 91' lang='lat' dir='ltr'>tum</span> <span class='ocrx_word' id='word_1_74' title='bbox 301 1562 338 1603; x_wconf 86' lang='lat' dir='ltr'>ex</span> <span class='ocrx_word' id='word_1_75' title='bbox 360 1542 490 1620; x_wconf 81' lang='lat' dir='ltr'>imagine</span> <span class='ocrx_word' id='word_1_76' title='bbox 513 1545 542 1603; x_wconf 94' lang='lat' dir='ltr'>iu</span> <span class='ocrx_word' id='word_1_77' title='bbox 565 1548 673 1621; x_wconf 82' lang='lat' dir='ltr'>gorylo</span> <span class='ocrx_word' id='word_1_78' title='bbox 695 1543 825 1620; x_wconf 89' lang='lat' dir='ltr'>quodam</span> <span class='ocrx_word' id='word_1_79' title='bbox 847 1544 936 1622; x_wconf 74' lang='lat' dir='ltr'>picta,</span> <span class='ocrx_word' id='word_1_80' title='bbox 959 1562 1048 1621; x_wconf 85' lang='lat' dir='ltr'>quam</span> <span class='ocrx_word' id='word_1_81' title='bbox 1075 1543 1112 1602; x_wconf 95' lang='lat' dir='ltr'>ad</span> <span class='ocrx_word' id='word_1_82' title='bbox 1135 1543 1333 1619; x_wconf 85' lang='lat' dir='ltr'>Polygnotum</span> 
     </span>
     <span class='ocr_line' id='line_1_12' title="bbox 212 1643 513 1723; baseline 0.003 -18"><span class='ocrx_word' id='word_1_83' title='bbox 212 1645 315 1716; x_wconf 70' lang='lat' dir='ltr'>refert,</span> <span class='ocrx_word' id='word_1_84' title='bbox 338 1643 513 1723; x_wconf 74' lang='lat' dir='ltr'>probavit²l</span> 
     </span>
    </p>
   </div>
   <div class='ocr_carea' id='block_1_4' title="bbox 212 1765 1336 2562">
    <p class='ocr_par' dir='ltr' id='par_1_4' title="bbox 212 1765 1336 2562">
     <span class='ocr_line' id='line_1_13' title="bbox 299 1765 1333 1844; baseline 0 -20"><span class='ocrx_word' id='word_1_85' title='bbox 299 1767 364 1826; x_wconf 86' lang='lat' dir='ltr'>Hae</span> <span class='ocrx_word' id='word_1_86' title='bbox 395 1765 459 1827; x_wconf 80' lang='lat' dir='ltr'>lere</span> <span class='ocrx_word' id='word_1_87' title='bbox 489 1772 558 1826; x_wconf 92' lang='lat' dir='ltr'>suut</span> <span class='ocrx_word' id='word_1_88' title='bbox 589 1785 693 1826; x_wconf 90' lang='lat' dir='ltr'>omnes</span> <span class='ocrx_word' id='word_1_89' title='bbox 722 1783 777 1826; x_wconf 89' lang='lat' dir='ltr'>eae</span> <span class='ocrx_word' id='word_1_90' title='bbox 807 1768 921 1843; x_wconf 88' lang='lat' dir='ltr'>primae</span> <span class='ocrx_word' id='word_1_91' title='bbox 950 1766 1058 1826; x_wconf 89' lang='lat' dir='ltr'>aetatis</span> <span class='ocrx_word' id='word_1_92' title='bbox 1089 1765 1272 1844; x_wconf 81' lang='lat' dir='ltr'>tragoediae,</span> <span class='ocrx_word' id='word_1_93' title='bbox 1304 1765 1333 1825; x_wconf 94' lang='lat' dir='ltr'>iu</span> 
     </span>
     <span class='ocr_line' id='line_1_14' title="bbox 212 1869 1336 1946; baseline -0.002 -18"><span class='ocrx_word' id='word_1_94' title='bbox 212 1869 320 1944; x_wconf 86' lang='lat' dir='ltr'>quibus</span> <span class='ocrx_word' id='word_1_95' title='bbox 352 1886 463 1945; x_wconf 89' lang='lat' dir='ltr'>pueros</span> <span class='ocrx_word' id='word_1_96' title='bbox 492 1869 522 1928; x_wconf 92' lang='lat' dir='ltr'>iu</span> <span class='ocrx_word' id='word_1_97' title='bbox 550 1888 660 1929; x_wconf 90' lang='lat' dir='ltr'>scaena</span> <span class='ocrx_word' id='word_1_98' title='bbox 688 1870 864 1946; x_wconf 85' lang='lat' dir='ltr'>apparuisse</span> <span class='ocrx_word' id='word_1_99' title='bbox 893 1869 966 1928; x_wconf 89' lang='lat' dir='ltr'>salis</span> <span class='ocrx_word' id='word_1_100' title='bbox 995 1874 1120 1929; x_wconf 87' lang='lat' dir='ltr'>constat</span> <span class='ocrx_word' id='word_1_101' title='bbox 1165 1870 1198 1928; x_wconf 93' lang='lat' dir='ltr'>ln</span> <span class='ocrx_word' id='word_1_102' title='bbox 1229 1869 1336 1927; x_wconf 87' lang='lat' dir='ltr'>ceteris</span> 
     </span>
     <span class='ocr_line' id='line_1_15' title="bbox 213 1970 1335 2048; baseline 0 -19"><span class='ocrx_word' id='word_1_103' title='bbox 213 1972 302 2029; x_wconf 87' lang='lat' dir='ltr'>huius</span> <span class='ocrx_word' id='word_1_104' title='bbox 331 1972 437 2030; x_wconf 88' lang='lat' dir='ltr'>aetatis</span> <span class='ocrx_word' id='word_1_105' title='bbox 466 1971 628 2047; x_wconf 86' lang='lat' dir='ltr'>tragoediis</span> <span class='ocrx_word' id='word_1_106' title='bbox 659 1973 708 2030; x_wconf 85' lang='lat' dir='ltr'>vix</span> <span class='ocrx_word' id='word_1_107' title='bbox 739 1972 899 2048; x_wconf 88' lang='lat' dir='ltr'>quisquam</span> <span class='ocrx_word' id='word_1_108' title='bbox 928 1972 1029 2046; x_wconf 85' lang='lat' dir='ltr'>aliqua</span> <span class='ocrx_word' id='word_1_109' title='bbox 1055 1989 1121 2030; x_wconf 84' lang='lat' dir='ltr'>eum</span> <span class='ocrx_word' id='word_1_110' title='bbox 1144 1970 1202 2030; x_wconf 87' lang='lat' dir='ltr'>lide</span> <span class='ocrx_word' id='word_1_111' title='bbox 1225 1988 1335 2048; x_wconf 90' lang='lat' dir='ltr'>pueros</span> 
     </span>
     <span class='ocr_line' id='line_1_16' title="bbox 212 2074 1336 2152; baseline -0.001 -19"><span class='ocrx_word' id='word_1_112' title='bbox 212 2074 419 2134; x_wconf 88' lang='lat' dir='ltr'>demonstrare</span> <span class='ocrx_word' id='word_1_113' title='bbox 449 2077 574 2152; x_wconf 90' lang='lat' dir='ltr'>poterit,</span> <span class='ocrx_word' id='word_1_114' title='bbox 607 2075 662 2135; x_wconf 88' lang='lat' dir='ltr'>uisi</span> <span class='ocrx_word' id='word_1_115' title='bbox 694 2075 772 2135; x_wconf 81' lang='lat' dir='ltr'>loric</span> <span class='ocrx_word' id='word_1_116' title='bbox 802 2076 830 2134; x_wconf 93' lang='lat' dir='ltr'>iu</span> <span class='ocrx_word' id='word_1_117' title='bbox 861 2075 1072 2134; x_wconf 90' lang='lat' dir='ltr'>Peliadibus</span> <span class='ocrx_word' id='word_1_118' title='bbox 1098 2075 1212 2135; x_wconf 89' lang='lat' dir='ltr'>Iasonis</span> <span class='ocrx_word' id='word_1_119' title='bbox 1241 2074 1336 2134; x_wconf 84' lang='lat' dir='ltr'>frater</span> 
     </span>
     <span class='ocr_line' id='line_1_17' title="bbox 214 2176 1334 2254; baseline -0.001 -18"><span class='ocrx_word' id='word_1_120' title='bbox 214 2176 335 2253; x_wconf 85' lang='lat' dir='ltr'>prodiit,</span> <span class='ocrx_word' id='word_1_121' title='bbox 358 2177 438 2253; x_wconf 88' lang='lat' dir='ltr'>quod</span> <span class='ocrx_word' id='word_1_122' title='bbox 459 2196 496 2236; x_wconf 85' lang='lat' dir='ltr'>ex</span> <span class='ocrx_word' id='word_1_123' title='bbox 512 2179 630 2254; x_wconf 87' lang='lat' dir='ltr'>pariete</span> <span class='ocrx_word' id='word_1_124' title='bbox 645 2177 774 2254; x_wconf 90' lang='lat' dir='ltr'>quodam</span> <span class='ocrx_word' id='word_1_125' title='bbox 791 2177 973 2253; x_wconf 89' lang='lat' dir='ltr'>Pompeiano</span> <span class='ocrx_word' id='word_1_126' title='bbox 997 2178 1092 2253; x_wconf 86' lang='lat' dir='ltr'>possit</span> <span class='ocrx_word' id='word_1_127' title='bbox 1107 2176 1258 2245; x_wconf 90' lang='lat' dir='ltr'>concludi;</span> <span class='ocrx_word' id='word_1_128' title='bbox 1280 2176 1334 2236; x_wconf 91' lang='lat' dir='ltr'>sed</span> 
     </span>
     <span class='ocr_line' id='line_1_18' title="bbox 212 2277 1334 2354; baseline 0.001 -17"><span class='ocrx_word' id='word_1_129' title='bbox 212 2297 262 2338; x_wconf 89' lang='lat' dir='ltr'>res</span> <span class='ocrx_word' id='word_1_130' title='bbox 284 2297 408 2354; x_wconf 90' lang='lat' dir='ltr'>prorsus</span> <span class='ocrx_word' id='word_1_131' title='bbox 431 2277 581 2351; x_wconf 70' lang='lat' dir='ltr'>incerta3)</span> <span class='ocrx_word' id='word_1_132' title='bbox 614 2280 752 2340; x_wconf 80' lang='lat' dir='ltr'>Ceterum</span> <span class='ocrx_word' id='word_1_133' title='bbox 776 2285 880 2340; x_wconf 88' lang='lat' dir='ltr'>contra</span> <span class='ocrx_word' id='word_1_134' title='bbox 895 2279 1153 2339; x_wconf 81' lang='lat' dir='ltr'>Wilamowitzium</span> <span class='ocrx_word' id='word_1_135' title='bbox 1169 2281 1334 2340; x_wconf 87' lang='lat' dir='ltr'>Robertum</span> 
     </span>
     <span class='ocr_line' id='line_1_19' title="bbox 212 2381 1335 2460; baseline 0.001 -19"><span class='ocrx_word' id='word_1_136' title='bbox 212 2388 336 2441; x_wconf 86' lang='lat' dir='ltr'>secutus</span> <span class='ocrx_word' id='word_1_137' title='bbox 359 2382 471 2459; x_wconf 90' lang='lat' dir='ltr'>primae</span> <span class='ocrx_word' id='word_1_138' title='bbox 490 2383 580 2441; x_wconf 87' lang='lat' dir='ltr'>aetati</span> <span class='ocrx_word' id='word_1_139' title='bbox 597 2384 685 2442; x_wconf 91' lang='lat' dir='ltr'>etiam</span> <span class='ocrx_word' id='word_1_140' title='bbox 708 2382 950 2442; x_wconf 86' lang='lat' dir='ltr'>Protesilaum</span> <span class='ocrx_word' id='word_1_141' title='bbox 973 2382 1090 2442; x_wconf 86' lang='lat' dir='ltr'>ascribo</span> <span class='ocrx_word' id='word_1_142' title='bbox 1107 2389 1230 2460; x_wconf 89' lang='lat' dir='ltr'>propter</span> <span class='ocrx_word' id='word_1_143' title='bbox 1246 2381 1335 2442; x_wconf 86' lang='lat' dir='ltr'>rebe·</span> 
     </span>
     <span class='ocr_line' id='line_1_20' title="bbox 213 2484 1274 2562; baseline 0.001 -21"><span class='ocrx_word' id='word_1_144' title='bbox 213 2491 342 2544; x_wconf 87' lang='lat' dir='ltr'>mentem</span> <span class='ocrx_word' id='word_1_145' title='bbox 365 2485 443 2544; x_wconf 92' lang='lat' dir='ltr'>iuter</span> <span class='ocrx_word' id='word_1_146' title='bbox 466 2484 609 2561; x_wconf 89' lang='lat' dir='ltr'>coniuges</span> <span class='ocrx_word' id='word_1_147' title='bbox 631 2503 762 2544; x_wconf 91' lang='lat' dir='ltr'>amorem</span> <span class='ocrx_word' id='word_1_148' title='bbox 785 2489 816 2545; x_wconf 88' lang='lat' dir='ltr'>et</span> <span class='ocrx_word' id='word_1_149' title='bbox 838 2504 1029 2547; x_wconf 90' lang='lat' dir='ltr'>numerorum</span> <span class='ocrx_word' id='word_1_150' title='bbox 1051 2486 1274 2562; x_wconf 86' lang='lat' dir='ltr'>proprietatem.</span> 
     </span>
    </p>
   </div>
   <div class='ocr_carea' id='block_1_5' title="bbox 212 2690 1335 3588">
    <p class='ocr_par' dir='ltr' id='par_1_5' title="bbox 212 2690 1335 3588">
     <span class='ocr_line' id='line_1_21' title="bbox 298 2690 1334 2751; baseline -0.001 -2"><span class='ocrx_word' id='word_1_151' title='bbox 298 2691 499 2749; x_wconf 79' lang='lat' dir='ltr'>Transeamus</span> <span class='ocrx_word' id='word_1_152' title='bbox 520 2690 559 2748; x_wconf 87' lang='lat' dir='ltr'>ad</span> <span class='ocrx_word' id='word_1_153' title='bbox 586 2690 782 2750; x_wconf 88' lang='lat' dir='ltr'>secundam</span> <span class='ocrx_word' id='word_1_154' title='bbox 810 2695 946 2750; x_wconf 70' lang='lat' dir='ltr'>aemtem.</span> <span class='ocrx_word' id='word_1_155' title='bbox 989 2692 1114 2751; x_wconf 87' lang='lat' dir='ltr'>Praeter</span> <span class='ocrx_word' id='word_1_156' title='bbox 1136 2695 1271 2750; x_wconf 82' lang='lat' dir='ltr'>servatas</span> <span class='ocrx_word' id='word_1_157' title='bbox 1293 2690 1334 2749; x_wconf 82' lang='lat' dir='ltr'>fa·</span> 
     </span>
     <span class='ocr_line' id='line_1_22' title="bbox 212 2791 1335 2871; baseline 0 -21"><span class='ocrx_word' id='word_1_158' title='bbox 212 2792 300 2851; x_wconf 91' lang='lat' dir='ltr'>bulas</span> <span class='ocrx_word' id='word_1_159' title='bbox 332 2791 408 2851; x_wconf 91' lang='lat' dir='ltr'>duas</span> <span class='ocrx_word' id='word_1_160' title='bbox 441 2798 555 2853; x_wconf 86' lang='lat' dir='ltr'>tautum</span> <span class='ocrx_word' id='word_1_161' title='bbox 587 2793 685 2865; x_wconf 86' lang='lat' dir='ltr'>video,</span> <span class='ocrx_word' id='word_1_162' title='bbox 717 2812 795 2869; x_wconf 90' lang='lat' dir='ltr'>quac</span> <span class='ocrx_word' id='word_1_163' title='bbox 828 2792 993 2869; x_wconf 87' lang='lat' dir='ltr'>praebeant</span> <span class='ocrx_word' id='word_1_164' title='bbox 1025 2811 1186 2870; x_wconf 89' lang='lat' dir='ltr'>puerorum</span> <span class='ocrx_word' id='word_1_165' title='bbox 1220 2797 1335 2871; x_wconf 88' lang='lat' dir='ltr'>partes:</span> 
     </span>
     <span class='ocr_line' id='line_1_23' title="bbox 212 2893 1334 2973; baseline 0.001 -21"><span class='ocrx_word' id='word_1_166' title='bbox 212 2894 364 2972; x_wconf 80' lang='lat' dir='ltr'>Alopam</span> <span class='ocrx_word' id='word_1_167' title='bbox 387 2902 418 2954; x_wconf 86' lang='lat' dir='ltr'>et</span> <span class='ocrx_word' id='word_1_168' title='bbox 432 2894 615 2972; x_wconf 89' lang='lat' dir='ltr'>Oedipum.</span> <span class='ocrx_word' id='word_1_169' title='bbox 652 2893 753 2970; x_wconf 76' lang='lat' dir='ltr'>diepa,</span> <span class='ocrx_word' id='word_1_170' title='bbox 776 2914 854 2972; x_wconf 88' lang='lat' dir='ltr'>quae</span> <span class='ocrx_word' id='word_1_171' title='bbox 869 2900 994 2973; x_wconf 91' lang='lat' dir='ltr'>propter</span> <span class='ocrx_word' id='word_1_172' title='bbox 1008 2897 1160 2955; x_wconf 82' lang='lat' dir='ltr'>materiam</span> <span class='ocrx_word' id='word_1_173' title='bbox 1177 2900 1334 2956; x_wconf 90' lang='lat' dir='ltr'>tractatam</span> 
     </span>
     <span class='ocr_line' id='line_1_24' title="bbox 212 2996 1335 3073; baseline 0.002 -20"><span class='ocrx_word' id='word_1_174' title='bbox 212 3003 363 3073; x_wconf 89' lang='lat' dir='ltr'>sumptam</span> <span class='ocrx_word' id='word_1_175' title='bbox 394 3015 431 3056; x_wconf 80' lang='lat' dir='ltr'>ex</span> <span class='ocrx_word' id='word_1_176' title='bbox 461 2996 571 3057; x_wconf 87' lang='lat' dir='ltr'>fabulis</span> <span class='ocrx_word' id='word_1_177' title='bbox 592 2998 699 3057; x_wconf 81' lang='lat' dir='ltr'>Atticis</span> <span class='ocrx_word' id='word_1_178' title='bbox 730 2997 850 3057; x_wconf 87' lang='lat' dir='ltr'>videtur</span> <span class='ocrx_word' id='word_1_179' title='bbox 874 2996 1027 3057; x_wconf 89' lang='lat' dir='ltr'>secundae</span> <span class='ocrx_word' id='word_1_180' title='bbox 1053 2999 1144 3057; x_wconf 85' lang='lat' dir='ltr'>aetati</span> <span class='ocrx_word' id='word_1_181' title='bbox 1167 2997 1335 3067; x_wconf 87' lang='lat' dir='ltr'>tribuenda,</span> 
     </span>
     <span class='ocr_line' id='line_1_25' title="bbox 212 3100 1335 3177; baseline 0.001 -19"><span class='ocrx_word' id='word_1_182' title='bbox 212 3100 310 3159; x_wconf 91' lang='lat' dir='ltr'>simile</span> <span class='ocrx_word' id='word_1_183' title='bbox 332 3107 541 3176; x_wconf 84' lang='lat' dir='ltr'>argumentum</span> <span class='ocrx_word' id='word_1_184' title='bbox 569 3100 694 3176; x_wconf 88' lang='lat' dir='ltr'>praebet</span> <span class='ocrx_word' id='word_1_185' title='bbox 722 3101 765 3173; x_wconf 90' lang='lat' dir='ltr'>iis,</span> <span class='ocrx_word' id='word_1_186' title='bbox 795 3119 873 3177; x_wconf 88' lang='lat' dir='ltr'>quae</span> <span class='ocrx_word' id='word_1_187' title='bbox 895 3101 951 3160; x_wconf 86' lang='lat' dir='ltr'>iam</span> <span class='ocrx_word' id='word_1_188' title='bbox 973 3101 1003 3159; x_wconf 91' lang='lat' dir='ltr'>iu</span> <span class='ocrx_word' id='word_1_189' title='bbox 1026 3101 1131 3175; x_wconf 80' lang='lat' dir='ltr'>Aeolo,</span> <span class='ocrx_word' id='word_1_190' title='bbox 1162 3100 1335 3177; x_wconf 85' lang='lat' dir='ltr'>Melanippa</span> 
     </span>
     <span class='ocr_line' id='line_1_26' title="bbox 212 3200 1334 3281; baseline 0.001 -21"><span class='ocrx_word' id='word_1_191' title='bbox 212 3200 402 3281; x_wconf 91' lang='lat' dir='ltr'>pbilosopba,</span> <span class='ocrx_word' id='word_1_192' title='bbox 423 3201 625 3278; x_wconf 78' lang='lat' dir='ltr'>Cretensibus,</span> <span class='ocrx_word' id='word_1_193' title='bbox 646 3202 760 3276; x_wconf 90' lang='lat' dir='ltr'>Danae,</span> <span class='ocrx_word' id='word_1_194' title='bbox 782 3203 893 3279; x_wconf 82' lang='lat' dir='ltr'>Scyriis</span> <span class='ocrx_word' id='word_1_195' title='bbox 915 3202 1135 3276; x_wconf 87' lang='lat' dir='ltr'>inveneramus,</span> <span class='ocrx_word' id='word_1_196' title='bbox 1158 3205 1205 3262; x_wconf 92' lang='lat' dir='ltr'>cui</span> <span class='ocrx_word' id='word_1_197' title='bbox 1229 3203 1334 3280; x_wconf 86' lang='lat' dir='ltr'>generi</span> 
     </span>
     <span class='ocr_line' id='line_1_27' title="bbox 213 3303 1335 3381; baseline 0.003 -18"><span class='ocrx_word' id='word_1_198' title='bbox 213 3307 320 3380; x_wconf 85' lang='lat' dir='ltr'>postea</span> <span class='ocrx_word' id='word_1_199' title='bbox 349 3308 466 3381; x_wconf 80' lang='lat' dir='ltr'>Augam</span> <span class='ocrx_word' id='word_1_200' title='bbox 497 3303 651 3364; x_wconf 89' lang='lat' dir='ltr'>addemus.</span> <span class='ocrx_word' id='word_1_201' title='bbox 698 3304 814 3378; x_wconf 83' lang='lat' dir='ltr'>Quibus</span> <span class='ocrx_word' id='word_1_202' title='bbox 843 3305 978 3364; x_wconf 89' lang='lat' dir='ltr'>omuibus</span> <span class='ocrx_word' id='word_1_203' title='bbox 1009 3304 1066 3364; x_wconf 90' lang='lat' dir='ltr'>hoc</span> <span class='ocrx_word' id='word_1_204' title='bbox 1095 3324 1251 3365; x_wconf 88' lang='lat' dir='ltr'>commuue</span> <span class='ocrx_word' id='word_1_205' title='bbox 1281 3311 1335 3377; x_wconf 85' lang='lat' dir='ltr'>est,</span> 
     </span>
     <span class='ocr_line' id='line_1_28' title="bbox 214 3405 1335 3484; baseline 0.003 -19"><span class='ocrx_word' id='word_1_206' title='bbox 214 3405 295 3482; x_wconf 88' lang='lat' dir='ltr'>quod</span> <span class='ocrx_word' id='word_1_207' title='bbox 319 3407 426 3466; x_wconf 90' lang='lat' dir='ltr'>muller</span> <span class='ocrx_word' id='word_1_208' title='bbox 447 3407 548 3483; x_wconf 88' lang='lat' dir='ltr'>aliqua</span> <span class='ocrx_word' id='word_1_209' title='bbox 570 3411 712 3484; x_wconf 84' lang='lat' dir='ltr'>corrupta</span> <span class='ocrx_word' id='word_1_210' title='bbox 735 3408 810 3466; x_wconf 88' lang='lat' dir='ltr'>clam</span> <span class='ocrx_word' id='word_1_211' title='bbox 833 3408 926 3483; x_wconf 84' lang='lat' dir='ltr'>parit,</span> <span class='ocrx_word' id='word_1_212' title='bbox 955 3406 1054 3466; x_wconf 83' lang='lat' dir='ltr'>iulans</span> <span class='ocrx_word' id='word_1_213' title='bbox 1077 3411 1175 3466; x_wconf 88' lang='lat' dir='ltr'>autem</span> <span class='ocrx_word' id='word_1_214' title='bbox 1199 3407 1335 3468; x_wconf 87' lang='lat' dir='ltr'>detectus</span> 
     </span>
     <span class='ocr_line' id='line_1_29' title="bbox 214 3508 1334 3588; baseline 0.002 -19"><span class='ocrx_word' id='word_1_215' title='bbox 214 3510 333 3587; x_wconf 85' lang='lat' dir='ltr'>culpam</span> <span class='ocrx_word' id='word_1_216' title='bbox 357 3508 507 3588; x_wconf 79' lang='lat' dir='ltr'>patefacit.</span> <span class='ocrx_word' id='word_1_217' title='bbox 543 3510 643 3584; x_wconf 84' lang='lat' dir='ltr'>Quare</span> <span class='ocrx_word' id='word_1_218' title='bbox 667 3509 820 3587; x_wconf 92' lang='lat' dir='ltr'>probabile</span> <span class='ocrx_word' id='word_1_219' title='bbox 843 3508 971 3586; x_wconf 86' lang='lat' dir='ltr'>videtur,</span> <span class='ocrx_word' id='word_1_220' title='bbox 994 3528 1071 3586; x_wconf 85' lang='lat' dir='ltr'>quae</span> <span class='ocrx_word' id='word_1_221' title='bbox 1094 3516 1139 3570; x_wconf 86' lang='lat' dir='ltr'>est</span> <span class='ocrx_word' id='word_1_222' title='bbox 1161 3512 1334 3588; x_wconf 89' lang='lat' dir='ltr'>ceteroquin</span> 
     </span>
    </p>
   </div>
   <div class='ocr_carea' id='block_1_6' title="bbox 215 3643 350 3650">
    <p class='ocr_par' dir='ltr' id='par_1_6' title="bbox 215 3643 350 3650">
     <span class='ocr_line' id='line_1_30' title="bbox 215 3643 350 3650; baseline 0 -2"><span class='ocrx_word' id='word_1_223' title='bbox 215 3643 350 3650; x_wconf 61' lang='lat'><em>-—-—-—</em></span> 
     </span>
    </p>
   </div>
   <div class='ocr_carea' id='block_1_7' title="bbox 214 3715 1336 4462">
    <p class='ocr_par' dir='ltr' id='par_1_7' title="bbox 214 3715 1336 3964">
     <span class='ocr_line' id='line_1_31' title="bbox 301 3715 1336 3794; baseline 0.002 -17"><span class='ocrx_word' id='word_1_224' title='bbox 301 3728 320 3792; x_wconf 86' lang='lat'>¹)</span> <span class='ocrx_word' id='word_1_225' title='bbox 338 3723 478 3792; x_wconf 81' lang='lat' dir='ltr'>Poll.(1v‚</span> <span class='ocrx_word' id='word_1_226' title='bbox 493 3727 554 3792; x_wconf 79' lang='lat' dir='ltr'>lll)</span> <span class='ocrx_word' id='word_1_227' title='bbox 572 3739 619 3778; x_wconf 84' lang='lat' dir='ltr'>eas</span> <span class='ocrx_word' id='word_1_228' title='bbox 637 3739 772 3792; x_wconf 84' lang='lat' dir='ltr'>personas</span> <span class='ocrx_word' id='word_1_229' title='bbox 783 3723 905 3792; x_wconf 77' lang='lat' dir='ltr'>appellat</span> <span class='ocrx_word' id='word_1_230' title='bbox 922 3716 1049 3777; x_wconf 76' lang='grc' dir='ltr'><strong><em>ἔκσκευα</em></strong></span> <span class='ocrx_word' id='word_1_231' title='bbox 1067 3715 1219 3794; x_wconf 80' lang='grc' dir='ltr'><strong>πρόσωπα.</strong></span> <span class='ocrx_word' id='word_1_232' title='bbox 1246 3725 1336 3780; x_wconf 79' lang='lat' dir='ltr'>Altera</span> 
     </span>
     <span class='ocr_line' id='line_1_32' title="bbox 214 3801 1336 3878; baseline 0.001 -15"><span class='ocrx_word' id='word_1_233' title='bbox 214 3808 374 3864; x_wconf 78' lang='lat' dir='ltr'>intonabas</span> <span class='ocrx_word' id='word_1_234' title='bbox 390 3801 494 3877; x_wconf 78' lang='grc' dir='ltr'><em>Ἵππην</em></span> <span class='ocrx_word' id='word_1_235' title='bbox 517 3810 597 3876; x_wconf 87' lang='lat' dir='ltr'>(coni.</span> <span class='ocrx_word' id='word_1_236' title='bbox 612 3809 748 3864; x_wconf 88' lang='lat' dir='ltr'>Wieseler</span> <span class='ocrx_word' id='word_1_237' title='bbox 770 3824 820 3876; x_wconf 89' lang='lat' dir='ltr'>pro</span> <span class='ocrx_word' id='word_1_238' title='bbox 847 3803 979 3877; x_wconf 72' lang='grc' dir='ltr'>Εὐίππη),</span> <span class='ocrx_word' id='word_1_239' title='bbox 1006 3823 1076 3878; x_wconf 88' lang='lat' dir='ltr'>quae</span> <span class='ocrx_word' id='word_1_240' title='bbox 1102 3808 1227 3864; x_wconf 87' lang='lat' dir='ltr'>babuerit</span> <span class='ocrx_word' id='word_1_241' title='bbox 1252 3815 1336 3878; x_wconf 90' lang='lat' dir='ltr'>caput</span> 
     </span>
     <span class='ocr_line' id='line_1_33' title="bbox 214 3895 353 3964; baseline 0 -16"><span class='ocrx_word' id='word_1_242' title='bbox 214 3895 353 3964; x_wconf 88' lang='lat' dir='ltr'>equinum.</span> 
     </span>
    </p>

    <p class='ocr_par' dir='ltr' id='par_1_8' title="bbox 299 3979 705 4048">
     <span class='ocr_line' id='line_1_34' title="bbox 299 3979 705 4048; baseline 0 -15"><span class='ocrx_word' id='word_1_243' title='bbox 299 3981 323 4048; x_wconf 86' lang='lat'>¹)</span> <span class='ocrx_word' id='word_1_244' title='bbox 341 3979 423 4034; x_wconf 79' lang='lat' dir='ltr'>Arcb.</span> <span class='ocrx_word' id='word_1_245' title='bbox 435 3981 505 4034; x_wconf 78' lang='lat' dir='ltr'>Aua.</span> <span class='ocrx_word' id='word_1_246' title='bbox 521 3984 594 4047; x_wconf 81' lang='grc'>1889,</span> <span class='ocrx_word' id='word_1_247' title='bbox 612 3996 639 4047; x_wconf 93' lang='lat' dir='ltr'>p.</span> <span class='ocrx_word' id='word_1_248' title='bbox 650 3984 705 4033; x_wconf 83' lang='grc'>151.</span> 
     </span>
    </p>

    <p class='ocr_par' dir='ltr' id='par_1_9' title="bbox 215 4063 1335 4462">
     <span class='ocr_line' id='line_1_35' title="bbox 301 4063 1333 4134; baseline 0.003 -16"><span class='ocrx_word' id='word_1_249' title='bbox 301 4067 322 4133; x_wconf 78' lang='lat'>⁸)</span> <span class='ocrx_word' id='word_1_250' title='bbox 340 4082 367 4119; x_wconf 86' lang='lat' dir='ltr'>v.</span> <span class='ocrx_word' id='word_1_251' title='bbox 380 4063 699 4132; x_wconf 64' lang='lat' dir='ltr'>transcursisse,</span> <span class='ocrx_word' id='word_1_252' title='bbox 716 4065 751 4118; x_wconf 91' lang='lat' dir='ltr'>de</span> <span class='ocrx_word' id='word_1_253' title='bbox 764 4079 818 4133; x_wconf 86' lang='lat' dir='ltr'>qua</span> <span class='ocrx_word' id='word_1_254' title='bbox 831 4065 949 4133; x_wconf 86' lang='lat' dir='ltr'>imagine</span> <span class='ocrx_word' id='word_1_255' title='bbox 963 4066 1021 4133; x_wconf 90' lang='lat' dir='ltr'>egit</span> <span class='ocrx_word' id='word_1_256' title='bbox 1030 4064 1170 4119; x_wconf 87' lang='lat' dir='ltr'>Robsrtus</span> <span class='ocrx_word' id='word_1_257' title='bbox 1182 4081 1209 4133; x_wconf 92' lang='lat' dir='ltr'>p.</span> <span class='ocrx_word' id='word_1_258' title='bbox 1218 4069 1333 4134; x_wconf 70' lang='lat' dir='ltr'>ldtsqq.</span> 
     </span>
     <span class='ocr_line' id='line_1_36' title="bbox 215 4149 1335 4220; baseline 0 -16"><span class='ocrx_word' id='word_1_259' title='bbox 215 4151 350 4205; x_wconf 81' lang='lat' dir='ltr'>Acastum</span> <span class='ocrx_word' id='word_1_260' title='bbox 369 4151 407 4205; x_wconf 92' lang='lat' dir='ltr'>ibi</span> <span class='ocrx_word' id='word_1_261' title='bbox 424 4167 481 4205; x_wconf 90' lang='lat' dir='ltr'>uou</span> <span class='ocrx_word' id='word_1_262' title='bbox 504 4167 589 4219; x_wconf 87' lang='lat' dir='ltr'>posse</span> <span class='ocrx_word' id='word_1_263' title='bbox 611 4149 733 4218; x_wconf 83' lang='lat' dir='ltr'>intellegi</span> <span class='ocrx_word' id='word_1_264' title='bbox 757 4151 882 4219; x_wconf 89' lang='lat' dir='ltr'>sequitur</span> <span class='ocrx_word' id='word_1_265' title='bbox 899 4168 934 4206; x_wconf 86' lang='lat' dir='ltr'>ex</span> <span class='ocrx_word' id='word_1_266' title='bbox 953 4151 1023 4205; x_wconf 83' lang='lat' dir='ltr'>llos.</span> <span class='ocrx_word' id='word_1_267' title='bbox 1034 4150 1116 4205; x_wconf 80' lang='lat' dir='ltr'>(lber.</span> <span class='ocrx_word' id='word_1_268' title='bbox 1127 4167 1273 4220; x_wconf 81' lang='lat' dir='ltr'>progymu.</span> <span class='ocrx_word' id='word_1_269' title='bbox 1286 4150 1335 4220; x_wconf 83' lang='grc' dir='ltr'>ΙΙΙ,</span> 
     </span>
     <span class='ocr_line' id='line_1_37' title="bbox 216 4233 1335 4306; baseline -0.003 -15"><span class='ocrx_word' id='word_1_270' title='bbox 216 4236 262 4306; x_wconf 89' lang='lat' dir='ltr'>qui</span> <span class='ocrx_word' id='word_1_271' title='bbox 279 4237 354 4305; x_wconf 89' lang='lat' dir='ltr'>apud</span> <span class='ocrx_word' id='word_1_272' title='bbox 372 4237 530 4305; x_wconf 84' lang='lat' dir='ltr'>Euripidem</span> <span class='ocrx_word' id='word_1_273' title='bbox 550 4236 650 4291; x_wconf 90' lang='lat' dir='ltr'>Peliam</span> <span class='ocrx_word' id='word_1_274' title='bbox 670 4235 732 4290; x_wconf 88' lang='lat' dir='ltr'>liliis</span> <span class='ocrx_word' id='word_1_275' title='bbox 749 4236 870 4290; x_wconf 90' lang='lat' dir='ltr'>caruisse</span> <span class='ocrx_word' id='word_1_276' title='bbox 888 4235 962 4289; x_wconf 86' lang='lat' dir='ltr'>dicit.</span> <span class='ocrx_word' id='word_1_277' title='bbox 998 4235 1104 4289; x_wconf 89' lang='lat' dir='ltr'>Iasonis</span> <span class='ocrx_word' id='word_1_278' title='bbox 1122 4233 1246 4303; x_wconf 79' lang='lat' dir='ltr'>fratrem,</span> <span class='ocrx_word' id='word_1_279' title='bbox 1269 4235 1335 4289; x_wconf 91' lang='lat' dir='ltr'>Pro-</span> 
     </span>
     <span class='ocr_line' id='line_1_38' title="bbox 215 4319 1335 4390; baseline -0.003 -15"><span class='ocrx_word' id='word_1_280' title='bbox 215 4320 348 4389; x_wconf 87' lang='lat' dir='ltr'>macbum,</span> <span class='ocrx_word' id='word_1_281' title='bbox 372 4338 454 4390; x_wconf 87' lang='lat' dir='ltr'>quem</span> <span class='ocrx_word' id='word_1_282' title='bbox 472 4323 550 4377; x_wconf 79' lang='lat' dir='ltr'>affert</span> <span class='ocrx_word' id='word_1_283' title='bbox 567 4320 699 4389; x_wconf 79' lang='lat' dir='ltr'>Apollod.</span> <span class='ocrx_word' id='word_1_284' title='bbox 710 4319 733 4388; x_wconf 95' lang='lat' dir='ltr'>I,</span> <span class='ocrx_word' id='word_1_285' title='bbox 744 4324 769 4388; x_wconf 80' lang='grc'>9,</span> <span class='ocrx_word' id='word_1_286' title='bbox 781 4324 822 4388; x_wconf 80' lang='lat'>27,</span> <span class='ocrx_word' id='word_1_287' title='bbox 840 4319 1055 4388; x_wconf 87' lang='lat' dir='ltr'>intellegendum</span> <span class='ocrx_word' id='word_1_288' title='bbox 1074 4335 1138 4375; x_wconf 89' lang='lat' dir='ltr'>esse</span> <span class='ocrx_word' id='word_1_289' title='bbox 1155 4335 1229 4373; x_wconf 88' lang='lat' dir='ltr'>nunc</span> <span class='ocrx_word' id='word_1_290' title='bbox 1246 4319 1335 4389; x_wconf 91' lang='lat' dir='ltr'>suspi-</span> 
     </span>
     <span class='ocr_line' id='line_1_39' title="bbox 215 4405 457 4462; baseline -0.004 -1"><span class='ocrx_word' id='word_1_291' title='bbox 215 4410 292 4461; x_wconf 82' lang='lat' dir='ltr'>catur</span> <span class='ocrx_word' id='word_1_292' title='bbox 308 4405 457 4462; x_wconf 83' lang='lat' dir='ltr'>Bobcrtua.</span> 
     </span>
    </p>
   </div>
   <div class='ocr_carea' id='block_1_8' title="bbox 265 4507 1182 4561">
    <p class='ocr_par' dir='ltr' id='par_1_10' title="bbox 265 4507 1182 4561">
     <span class='ocr_line' id='line_1_40' title="bbox 265 4507 1182 4561; baseline -0.012 -11"><span class='ocrx_word' id='word_1_293' title='bbox 265 4508 328 4550; x_wconf 74' lang='lat' dir='ltr'>ntra</span> <span class='ocrx_word' id='word_1_294' title='bbox 341 4509 393 4550; x_wconf 80' lang='lat' dir='ltr'>Hal.</span> <span class='ocrx_word' id='word_1_295' title='bbox 407 4507 467 4548; x_wconf 83' lang='lat' dir='ltr'>xm.</span> <span class='ocrx_word' id='word_1_296' title='bbox 1151 4511 1182 4561; x_wconf 69' lang='lat'>1⁸</span> 
     </span>
    </p>
   </div>
   <div class='ocr_carea' id='block_1_9' title="bbox 0 0 1560 5198">
    <p class='ocr_par' dir='ltr' id='par_1_11' title="bbox 0 0 1560 5198">
     <span class='ocr_line' id='line_1_41' title="bbox 0 0 1560 5198; baseline 0 0"><span class='ocrx_word' id='word_1_297' title='bbox 0 0 1560 5198; x_wconf 95' lang='lat' dir='ltr'> </span> 
     </span>
    </p>
   </div>
  </div>
 </body>
</html>
