3104 5198
1202 466 1264 524 sol

143 634 201 694 erit
223 635 404 694 inclinatus?
448 635 554 712 ltaque
576 633 744 712 Telephum
768 633 869 710 aliquo
892 633 956 693 loco
980 632 1109 710 fabulae,
1138 631 1266 693 sortasse

142 754 209 795 cum
240 737 366 796 maxime
396 740 520 796 mortem
551 735 656 796 infanti
687 736 858 813 minaretur,
892 754 927 796 ea
960 735 1053 795 verba
1082 734 1265 795 exclamasse

142 856 215 898 sane
238 838 393 915 probabile
416 844 469 899 est.
513 839 653 910 Accedit,
684 837 764 915 qnod
791 837 821 897 in
851 839 932 897 cistis
955 834 1129 909 Etruscis‚¹)
1159 836 1265 912 quibus

142 941 244 1000 eadem
261 958 372 1001 scaena
387 945 643 1017 repraesentatur,
664 940 817 1018 Telephus
833 957 986 1017 pannosus
1001 939 1089 999 fictus
1105 943 1162 999 est:
1185 937 1264 1015 quod

142 1049 189 1103 est
210 1044 364 1121 proprium
389 1043 571 1119 Euripidene
593 1041 721 1102 fabulae.
763 1039 900 1102 Orestem
924 1041 1082 1119 parvulum
1105 1040 1265 1100 simulacro

143 1150 401 1223 repraesentatum
420 1163 486 1205 esse
503 1165 539 1205 cx
555 1145 628 1223 ipsis
644 1145 777 1221 parodiis
792 1144 1015 1221 Aristophaneis
1030 1162 1122 1220 supra
1139 1142 1180 1219 (p.
1191 1139 1265 1215 236)

143 1248 328 1326 collegimus.

230 1368 391 1428 Praeterea
414 1369 500 1445 pueri
524 1367 721 1427 demonstrari
736 1373 863 1442 possunt
876 1366 907 1425 in
923 1366 1064 1427 Theseo
1085 1373 1117 1425 et
1136 1365 1177 1424 Hi
1184 1383 1265 1442 ppo·

142 1470 221 1547 lytc
244 1471 354 1547 priore,
383 1486 458 1547 quas
482 1469 583 1529 ambas
605 1467 722 1528 fabulas
746 1486 812 1527 cum
835 1468 937 1544 Aegeo
960 1468 1108 1544 trilogiam
1132 1468 1266 1527 effecisse

144 1576 227 1631 certa
250 1575 294 1631 est
310 1571 430 1631 Roberti
456 1567 663 1639 coniectura.²)
697 1570 839 1647 Sequitur
861 1588 933 1646 ergo
949 1568 1065 1629 fabulas
1080 1574 1149 1629 ante
1165 1589 1189 1628 a.
1202 1571 1265 1629 428

142 1691 269 1733 scaenae
298 1675 470 1734 commissas
500 1691 577 1751 esse,
609 1691 668 1750 qun
691 1672 887 1750 Hippolytum
919 1673 1044 1731 alteram
1074 1677 1170 1730 aotam
1199 1688 1265 1730 esse

144 1779 276 1842 constat;
300 1775 371 1851 quin
395 1777 482 1836 etiam
507 1780 709 1851 anteannum
725 1778 786 1836 431
811 1791 875 1834 eam
891 1774 1041 1850 trilogism
1058 1773 1175 1833 doctam
1191 1789 1267 1848 esse,

143 1877 361 1937 demonstravit
389 1871 664 1953 Wilamowltsius³l
697 1894 734 1936 ex
767 1893 878 1936 scaena
910 1893 945 1935 ea
978 1875 1109 1949 Medeae,
1142 1875 1171 1933 in
1205 1891 1266 1950 qua

141 1980 264 2057 Aegeus
287 1979 394 2057 prodit,
417 1999 504 2056 quam
527 1980 578 2040 illc
599 1979 637 2038 ad
654 1979 785 2056 Aegeum
803 1978 994 2055 Euripideum
1010 1977 1132 2037 rettulit.
1159 1977 1265 2053 Neque

142 2100 215 2142 vero
239 2082 347 2142 multo
370 2087 439 2142 ante
461 2100 529 2142 eum
553 2100 660 2142 anuum
685 2081 834 2158 trilogiam
855 2098 982 2140 scaenae
998 2081 1183 2157 commissam
1199 2096 1264 2140 esse

143 2192 173 2244 et
195 2188 321 2262 propter
344 2185 496 2244 materiam
520 2184 703 2262 propositam
728 2179 882 2258 (scelestas
897 2183 1052 2242 mulierum
1069 2181 1267 2259 cupiditates),

142 2306 231 2363 qnam
254 2286 317 2346 iere
339 2286 423 2346 initio
447 2287 568 2346 alterins
590 2287 698 2346 aetatis
722 2285 883 2362 Euripides
905 2285 1032 2345 maxime
1055 2285 1207 2357 tractavit,
1236 2290 1266 2345 et

142 2392 304 2467 propterea
327 2393 399 2464 puto
423 2389 586 2449 Robertum
607 2394 738 2466 secutus,
762 2387 842 2464 quod
864 2388 949 2448 nimis
965 2388 1116 2464 antiquam
1133 2386 1265 2447 fabulam

142 2489 319 2567 Euripidem
344 2489 574 2551 transformasse
596 2492 662 2551 veri
686 2496 731 2550 est
754 2489 904 2550 dissimile.
942 2491 1048 2566 ltaque
1071 2489 1149 2549 inter
1171 2506 1266 2549 annos

142 2594 311 2654 438-431
335 2592 399 2653 iure
422 2592 489 2652 illas
511 2592 630 2653 tabulas
652 2610 806 2670 ponemus.

229 2713 262 2771 ln
294 2704 410 2770 Theseo
441 2729 603 2788 puerorum
635 2711 756 2771 chorum
788 2711 816 2770 in
848 2727 985 2770 scaenam
1014 2709 1169 2769 inductum
1199 2727 1266 2770 esse

143 2815 199 2873 iam
233 2813 346 2890 pridem
378 2815 432 2873 viri
464 2813 543 2873 docti
575 2812 802 2887 intellexerunt,
836 2812 917 2872 velut
941 2811 1115 2871 Wclckerus
1142 2813 1265 2872 chorum

142 2914 306 2991 legitimum
331 2919 361 2974 et
382 2916 463 2974 bunc
479 2932 637 2992 puerorum
654 2915 776 2974 chorum
792 2913 917 2974 eundem
934 2913 1026 2973 fnisse
1042 2915 1166 2988 censuit,
1189 2931 1266 2990 quae

142 3018 292 3078 sententia
324 3017 424 3077 adhuc
457 3022 537 3077 stare
571 3016 699 3076 videtur.
750 3017 921 3076 Adnotatur
950 3017 1027 3076 enim
1057 3035 1075 3075 a
1104 3016 1266 3076 scholiasta

144 3121 251 3180 Veneti
276 3119 314 3178 ad
337 3121 549 3197 Aristophanis
565 3122 731 3197 Vesperum
755 3121 851 3179 locum
876 3120 967 3197 illum,
990 3138 1048 3196 quo
1072 3121 1157 3196 pueri
1181 3137 1266 3196 prae-

144 3223 282 3284 lucentes
316 3241 382 3282 cum
416 3224 551 3300 patribus
584 3224 771 3283 altercantur
794 3221 889 3301 (312),
921 3221 1014 3282 verba
1047 3224 1133 3282 haee:
1167 3216 1199 3279 ri
1227 3239 1266 3301 με

144 3312 224 3409 δῆτ’,
240 3307 268 3385 ὦ
285 3320 387 3405 μελέα
401 3324 513 3405 μᾶτερ,
536 3316 673 3398 ἔτικτες,
696 3319 751 3384 iva
765 3343 822 3405 μοι
836 3314 1015 3403 πράγματα
1032 3316 1167 3399 βόσκειν
1181 3342 1265 3404 τιαρ-

143 3427 229 3510 ἐχῃς;
259 3438 378 3511 sumpta
408 3452 473 3494 esse
503 3453 540 3493 ex
563 3434 717 3510 Euripidis
739 3432 872 3492 Theseo:
902 3425 972 3492 ἐκεῖ
997 3424 1059 3510 γὰρ
1086 3427 1192 3490 ταῦτα
1217 3425 1265 3490 λέ·

144 3551 263 3614 γουσιν
285 3529 316 3595 oi
340 3527 539 3615 ταττόμενοι
561 3533 678 3609 παῖδες
701 3533 746 3609 εἰς
768 3527 874 3616 βορὰν
890 3535 939 3616 τῷ
956 3528 1180 3614 Μινωταύρῳ.
1210 3536 1265 3595 llis

143 3640 244 3700 verbis
266 3660 376 3717 pueros
405 3643 434 3700 in
458 3660 567 3702 scaena
589 3641 680 3703 fuisse
702 3648 843 3702 canentes
866 3642 1004 3719 eflicitur,
1026 3660 1081 3702 nee
1104 3643 1263 3719 quicquam

143 3743 281 3821 impedit,
312 3745 468 3818 quominus
498 3745 668 3822 Euripidem
699 3749 840 3822 septenos
869 3764 980 3821 pueros
1009 3747 1184 3824 puellasque
1214 3746 1264 3821 (cx

143 3843 244 3904 fabula
266 3845 437 3924 Phalerica,
467 3846 504 3905 cl.
527 3849 614 3906 etiem
638 3844 982 3922 Eur.Herc1325i26)
1013 3847 1168 3908 Induxisse
1197 3867 1262 3909 cum

145 3947 303 4009 Welchero
338 3949 552 4028 existimemus,
586 3956 618 4010 nt
651 3950 854 4026 spectantibus
887 3958 996 4011 sortem
1031 3951 1263 4012 crudelissimam

230 4185 251 4246 ¹)
269 4181 282 4235 I
301 4181 396 4236 relievi
421 4181 493 4236 delle
517 4198 584 4238 urnc
607 4183 741 4252 etmsche,
764 4183 844 4238 voll
862 4184 917 4251 (ed.
934 4185 1048 4253 Brunn),
1067 4191 1086 4239 t.
1098 4183 1192 4240 XXVI
1202 4201 1262 4255 sqq.

228 4268 250 4331 ²)
275 4266 392 4321 Roberti
418 4269 601 4321 coniecturam
626 4268 852 4323 Wilamowituius
878 4270 1066 4338 pronuntiavit
1091 4270 1185 4325 Herm.
1202 4269 1264 4340 XV,

142 4357 188 4406 481
203 4366 364 4509 sq:ilicum
377 4436 438 4507 XV,
456 4442 504 4492 481
516 4453 577 4508 sqq.
