3104 5198
319 443 383 502 260

321 612 506 672 commissam
530 630 597 673 esse
629 631 666 672 ex
689 612 770 672 illius
792 613 951 689 hypothesi
974 612 1093 688 seimus,
1123 609 1262 672 Orestem
1284 610 1445 688 parvulum

321 715 350 773 in
388 733 498 774 seaena
530 714 623 775 fuisse
657 716 770 791 primus
798 711 832 774 Ο.
849 713 1001 787 lahnius1)
1031 733 1068 774 ex
1098 714 1265 774 simulacris
1293 711 1447 792 patefecit

323 818 442 877 Novum
467 835 564 894 nuper
587 817 787 876 testimoninm
805 818 941 894 Pergami
966 818 1104 877 effossum
1120 821 1175 892 est,
1198 817 1264 877 dieo
1280 834 1351 876 arae
1366 815 1445 875 illius

322 921 452 996 ingentis
486 924 673 997 ornamenta,
715 919 821 995 quibus
855 924 918 979 teta
947 919 1076 996 Telephi
1110 917 1212 979 fabula
1243 918 1342 980 elfieta
1370 922 1444 977 erat.

320 1020 520 1097 Tragoediam
543 1023 672 1082 httieam
696 1022 757 1081 illie
779 1021 907 1081 artifiees
930 1027 1050 1083 seeutos
1073 1039 1147 1093 esse,
1171 1026 1201 1081 et
1221 1021 1343 1098 quidem
1360 1019 1445 1080 Euri·

320 1123 398 1200 pidis
421 1124 585 1200 Telephum
610 1128 640 1183 et
662 1124 792 1200 hugum,
814 1120 1000 1201 Robertus,²)
1023 1124 1075 1201 qui
1099 1125 1197 1184 omnia
1219 1141 1255 1182 ea
1276 1122 1444 1199 fragmenta

320 1225 469 1302 disposuit
484 1230 574 1303 atque
590 1227 805 1304 interpretatus
822 1231 876 1304 est,
899 1225 1037 1286 ostendit
1070 1226 1178 1302 Itaque
1194 1224 1325 1286 fabulam
1342 1229 1444 1286 notam

319 1327 415 1403 illam,
448 1346 537 1404 quam
571 1328 609 1389 de
630 1327 767 1404 Telepho
790 1328 930 1405 Hyginus
953 1327 1024 1394 (fab.
1042 1326 1092 1400 cl)
1123 1332 1237 1402 nannet,
1271 1327 1444 1403 tragoediae

320 1448 441 1507 quoque
471 1431 628 1507 supposuit
658 1430 827 1507 Euripides.
872 1430 1016 1490 Videmus
1050 1435 1147 1490 auteur
1182 1432 1211 1489 in
1243 1428 1444 1489 monumentis

320 1531 378 1591 illis
401 1532 578 1610 Telephum,
601 1533 727 1593 vnlnere
748 1536 963 1609 aegrotantem,
986 1550 1051 1592 enm
1075 1531 1202 1608 paruulo
1225 1530 1333 1593 Oreste
1356 1536 1444 1607 rapto

323 1632 360 1691 ad
385 1652 465 1692 aram
489 1634 655 1706 sedentem,
686 1634 840 1694 adstantes
862 1633 954 1693 duees
977 1633 1174 1709 Graeeernm,
1196 1633 1341 1711 imprimis
1364 1633 1444 1710 Aga·

321 1754 506 1795 memnonem
532 1737 640 1796 iratum
663 1755 727 1796 oum
745 1737 969 1813 Clytaemestra,
992 1753 1079 1812 quae,
1101 1736 1264 1796 seeundum
1281 1735 1446 1812 Hyginum,

320 1836 442 1897 uidetur
470 1856 536 1897 eum
559 1838 695 1915 Telepho
726 1839 923 1915 conspirasse.
967 1836 1083 1897 Scaena
1105 1838 1154 1897 illa
1177 1836 1265 1915 (quae
1287 1838 1378 1899 totins
1400 1836 1445 1897 sa·

320 1939 409 1999 bulae
439 1941 525 2016 qnasi
557 1946 649 2017 eaput
672 1940 790 2000 videtur
816 1938 931 2012 luisse),
963 1944 996 1999 ut
1019 1939 1182 2017 Euripidea
1205 1943 1277 2000 nota
1299 1940 1444 1999 oratiam

321 2060 360 2101 ex
384 2042 595 2118 Aristophanis
618 2042 864 2102 Aeharnensibns
892 2047 922 2101 et
944 2042 1269 2120 Thesmophoriszusis,
1302 2042 1351 2102 ubi
1374 2040 1444 2101 ridi·

322 2145 407 2204 eulae
440 2145 619 2205 imitationes
655 2144 738 2205 finnt.
782 2145 948 2223 Utrobique
981 2151 1079 2205 antem
1114 2150 1219 2221 aperte
1249 2143 1444 2220 Euripides

322 2250 484 2323 spectatur,
506 2264 635 2324 namque
658 2247 688 2306 in
704 2247 951 2307 lehunnensibus
974 2247 1094 2307 omnino
1110 2246 1301 2322 Dieaeopolis
1316 2245 1444 2322 Telephi

323 2347 477 2425 Euripidei
500 2349 563 2424 agit
585 2354 695 2425 partes,
717 2350 1044 2426 Thesmophorianusas
1067 2355 1166 2409 autem
1189 2347 1227 2407 ad
1251 2365 1342 2407 unum
1359 2348 1444 2407 Euri·

322 2450 421 2527 pidem
448 2450 646 2511 vellieandum
674 2455 764 2511 totam
793 2470 858 2512 esse
886 2452 1079 2528 compositam
1114 2469 1173 2511 nnn
1203 2455 1249 2510 est
1277 2450 1359 2528 qnod
1384 2467 1443 2511 mo·

322 2571 418 2612 neam.
452 2553 533 2628 Ergo
556 2551 718 2612 absurdum
742 2558 788 2614 est
810 2553 933 2613 eredere
957 2553 1036 2612 illam
1057 2571 1195 2613 seaenam
1212 2552 1300 2629 (rapti
1316 2548 1444 2624 Orestis)

322 2674 381 2715 non
405 2655 498 2714 inisse
521 2657 549 2713 in
574 2655 710 2732 Telepho
735 2656 906 2732 Euripides,
929 2656 1009 2732 qnod
1034 2651 1268 2726 Weckleininsb
1291 2672 1328 2714 ex
1351 2653 1443 2713 sohel.

322 2759 372 2818 Ar.
390 2757 463 2817 Aeh.
481 2761 541 2819 332
565 2758 744 2818 eoneludere
769 2758 873 2824 voluit;
898 2759 1024 2834 legimns
1043 2756 1083 2816 ibi
1100 2757 1187 2816 haee:
1209 2745 1253 2814 τὰ
1267 2748 1303 2814 δὲ
1316 2745 1445 2834 μεγάλα

320 2848 416 2938 πάθη
443 2839 623 2933 desuntque
645 2855 705 2939 τῆς
733 2853 929 2937 τραγῳδίας,
960 2851 1032 2917 ἐπεὶ
1061 2841 1157 2917 καὶὸ
1186 2848 1335 2936 Τήλεφος
1355 2846 1445 2916 κατὰ

321 2947 384 3020 τὸν
415 2951 675 3039 τραγφδαπαιὸν
696 2951 875 3039 Αἰσχύλον,
907 2952 962 3019 ἵνα
992 2941 1072 3039 τύχῃ
1103 2949 1196 3038 παρὰ
1224 2966 1296 3030 ταῖς
1310 2947 1444 3040 Ἕλλησι

321 3059 496 3143 σωτηρίας,
518 3053 581 3123 τὸν
603 3051 754 3143 Ὀρέστην
775 3052 840 3141 εἶχε
864 3054 1052 3136 συλλαβών.
1089 3053 1329 3143 παραπλήσιον
1352 3056 1389 3122 δέ
1409 3080 1443 3121 τι

320 3162 376 3226 καὶ
399 3159 436 3225 ἐν
458 3173 533 3237 ταῖς
557 3157 905 3244 θεσμοφοριαζαύσαις
928 3158 1092 3246 ἐποίησεν.
1135 3167 1208 3226 Utut
1229 3171 1328 3226 antem
1353 3167 1443 3226 huius

322 3273 378 3331 loei
402 3270 565 3330 difficultas
588 3269 638 3344 (de
661 3289 721 3347 quo
745 3271 801 3330 iam
825 3289 916 3347 snpra
939 3269 980 3345 (p.
993 3269 1067 3342 241)
1090 3268 1150 3347 egi)
1177 3269 1366 3348 expedienda
1387 3275 1443 3348 est,

321 3393 357 3434 eo
379 3374 409 3432 id
433 3393 492 3432 non
516 3373 553 3432 de
577 3373 673 3432 medio
697 3372 818 3448 tollitur,
848 3372 929 3448 quod
952 3371 1171 3449 Aristophanes
1194 3374 1266 3449 ipse,
1295 3390 1362 3432 eum
1385 3373 1441 3433 Te·

321 3479 402 3555 lephi
432 3496 548 3554 pannos
578 3477 616 3537 ab
641 3477 783 3555 Euripide
813 3479 873 3554 peti
906 3478 1015 3554 iubeat,
1048 3476 1131 3539 haud
1162 3477 1299 3554 ambigue
1322 3477 1443 3537 indieat.

321 3581 477 3654 Quomodo
501 3588 599 3641 sutem
623 3599 659 3640 ex
685 3580 741 3657 ing.
756 3584 852 3641 iila:

473 3685 637 3759 dudurvu'
653 3693 779 3777 ἐχθροῦ
802 3690 915 3775 φωτὸς
938 3689 1097 3776 ἔχθιστον
1118 3694 1215 3770 τέκος

320 3843 437 3915 raptum
461 3838 575 3900 Orestis
598 3840 627 3897 in
651 3837 752 3897 fabula
776 3857 834 3898 non
857 3838 950 3898 luisse
973 3839 1110 3899 eoneludi
1133 3839 1235 3915 possit,
1262 3859 1321 3899 non
1345 3838 1442 3899 video.

320 3942 421 4016 Quid?
454 3943 506 4019 qui
536 3941 599 4001 odit
627 3941 782 4014 infantem,
816 3960 916 4002 nonne
945 3943 969 4002 is
996 3943 1177 4018 potissimum
1202 3943 1239 4002 ad
1263 3942 1441 4019 rapiendum

407 4159 428 4224 ¹)
447 4155 589 4225 Telephus
607 4172 633 4210 u.
646 4156 764 4224 Trnilos,
782 4156 845 4210 Kiel
867 4161 938 4210 1841.

405 4245 428 4310 ²)
446 4241 584 4297 Jahrbueh
602 4242 652 4296 des
670 4241 786 4296 Kaiserl.
799 4241 929 4296 Dentsob.
942 4242 1024 4296 hreh.
1037 4242 1104 4297 Inst.
1123 4242 1149 4296 ll
1165 4244 1265 4312 (1887),
1284 4259 1310 4311 p.
1321 4245 1370 4297 ill
1381 4258 1444 4312 sqq.

406 4329 427 4396 8)
447 4327 634 4396 Sitaungsber.
654 4328 703 4382 der
720 4327 894 4395 philos-hist.
913 4327 1009 4383 Classe
1027 4328 1076 4384 der
1095 4328 1121 4383 k.
1135 4329 1209 4399 bayr.
1223 4327 1378 4386 Alsadomie
1396 4328 1448 4383 der

321 4414 500 4482 Wissensoh,
519 4413 654 4468 bllinehen
676 4417 748 4483 1878,
765 4430 791 4482 p.
804 4417 852 4467 202
863 4429 924 4484 sqq.
