3104 5198
1279 390 1340 446 293

216 556 315 616 iocum
349 557 462 616 tribuit.
518 557 664 617 Nimirum
704 573 770 616 curu
805 574 875 616 rere
915 556 1078 634 sophistico
1112 554 1274 616 meditandi
1306 574 1342 615 ac

217 657 390 735 disputandi
408 678 507 719 amore
524 658 631 719 ductus
646 677 697 719 eas
713 660 903 735 quaestiones
920 661 949 718 in
972 660 1038 735 ipsa
1059 676 1168 718 scaena
1190 661 1342 730 tractaret,

214 779 293 837 quae
317 761 452 820 homines
474 767 546 820 tunc
569 762 694 820 maxime
711 761 860 821 vexabant
871 759 902 832 ¹),
926 760 963 820 ad
987 780 1050 820 eam
1075 761 1240 821 communis
1262 761 1340 820 vltao

215 862 372 937 imaginem
390 861 610 938 depingendam
627 863 728 937 pneris
752 880 854 921 carere
877 880 936 922 uon
960 863 1065 938 potuit.
1109 861 1247 938 Denique
1271 866 1343 920 nota

215 963 266 1023 illa
289 964 475 1041 liberalitate,
497 983 557 1040 qua
578 964 624 1022 vel
646 982 750 1024 servos
766 964 962 1040 amplectitur,
985 964 1087 1040 pueris
1103 981 1224 1041 quoque
1248 964 1340 1022 verba

215 1067 329 1126 tribuit
374 1065 485 1125 Eodem
507 1070 634 1143 spectat,
656 1066 737 1142 quod
760 1065 897 1138 infantes,
921 1084 961 1125 sc.
977 1066 1144 1137 simulacra,
1168 1067 1342 1142 saepissime

215 1167 364 1239 adhibuit,
394 1187 499 1244 nempe
530 1169 558 1228 in
591 1169 626 1227 iis
655 1167 778 1239 tabulis,
809 1169 837 1227 in
870 1168 978 1244 quibus
1001 1167 1179 1227 feminarum
1201 1167 1342 1227 scelestas

215 1271 396 1347 cupiditates
426 1271 583 1348 expressit,
614 1271 718 1343 quales
749 1269 887 1330 materias
917 1271 955 1330 ab
979 1270 1115 1330 omnibus
1138 1271 1247 1329 veteris
1270 1270 1342 1328 artis

216 1373 353 1449 patronis
387 1373 514 1431 maxime
549 1372 722 1448 repudiatas
759 1372 836 1432 idem
872 1370 1032 1448 Euripides
1064 1372 1092 1430 in
1127 1389 1265 1431 scaenam
1299 1371 1341 1429 in·

217 1472 339 1545 duxit.²)
355 1505 396 1514 —
412 1474 470 1533 Sed
487 1474 658 1534 addendum
682 1480 726 1534 est
746 1475 872 1535 alterurn
897 1475 970 1533 artis
986 1474 1165 1550 Euripideae
1189 1474 1341 1550 proprium

215 1581 308 1653 atque
338 1577 434 1652 ipsum
465 1594 585 1653 quoque
615 1576 653 1636 ab
680 1575 882 1653 Aristophane
912 1576 1087 1653 saepissime
1120 1571 1340 1652 castigatum3),

217 1677 291 1737 illud
308 1678 386 1755 dieo,
409 1679 488 1755 quod
511 1680 540 1738 in
565 1678 723 1738 excitanda
746 1679 945 1755 spectantium
970 1678 1174 1738 misericordia
1196 1696 1340 1738 summum

215 1782 316 1858 posuit
330 1781 474 1855 studinm;
499 1780 569 1840 inda
585 1799 737 1858 pannosae
753 1781 831 1857 illae,
855 1781 1019 1858 mendicae,
1042 1780 1168 1840 claudae
1187 1798 1343 1857 personae,

216 1901 293 1960 quas
327 1884 517 1943 acerbissimo
552 1884 612 1943 riso
646 1884 778 1943 comicus
812 1886 958 1960 exagitat:
1000 1884 1037 1943 ad
1076 1883 1153 1944 idem
1188 1884 1340 1944 eonsilium

216 1978 352 2062 (praeter
382 1985 411 2043 id
435 1985 515 2062 quod
540 2003 633 2063 supra
655 1983 752 2061 attigi)
783 2003 942 2062 puerourm
974 2004 1095 2062 quoque
1127 1992 1236 2063 partes,
1266 2003 1342 2063 quos

216 2086 337 2164 quidem
370 2087 543 2164 saepissime
573 2088 621 2146 ille
644 2089 749 2148 auxios
772 2088 958 2164 trepidantes
981 2089 1087 2148 tientes
1108 2088 1234 2160 induxit,
1266 2087 1341 2148 rele-

217 2188 331 2249 renuas
346 2206 413 2248 esse
436 2189 574 2248 arbitror.
618 2190 694 2248 Nam
719 2194 905 2266 quantopere
928 2191 979 2250 tali
1003 2189 1127 2250 artifieio
1143 2189 1342 2250 Athenienses

216 2292 450 2368 delectarentur,
465 2292 545 2352 clare
558 2311 595 2358 ex
611 2293 742 2352 moribus
758 2294 786 2352 in
804 2293 923 2352 iudiciis
935 2294 1029 2354 obviis
1042 2295 1138 2370 potuit
1150 2311 1341 2370 cognoscere.

215 2395 333 2456 Scimus
372 2395 450 2453 enim
484 2395 706 2454 usitatissimum
745 2396 1006 2473 gratissimumque
1039 2415 1157 2457 reorum
1192 2395 1341 2472 refugium

216 2495 318 2569 larissa,
349 2514 460 2556 uxores
489 2497 660 2573 liberosque
690 2498 804 2569 flentes,
835 2517 961 2575 quorum
991 2506 1117 2576 aspectu
1147 2498 1343 2575 lamentisque

215 2599 349 2658 iudicum
372 2598 606 2659 misericordiam
623 2604 786 2672 moverent,
807 2601 835 2660 in
852 2600 992 2660 iudicium
1010 2599 1188 2678 producere.
1226 2600 1342 2674 Quibus

216 2701 397 2776 spectaculis
420 2706 606 2778 quantopere
629 2702 722 2777 gavisi
747 2704 807 2762 sint
829 2702 952 2779 iudices,
983 2703 1144 2762 clarissima
1168 2721 1204 2762 ex
1228 2703 1341 2762 Aristo·

214 2802 326 2880 phanis
350 2804 455 2878 Vespis
478 2797 641 2880 apparet.⁴)
686 2804 837 2865 simillima
868 2804 959 2864 fuisse
990 2804 1041 2864 illa
1067 2806 1239 2882 spectacula
1262 2822 1345 2864 scae·

217 2923 325 2965 narum
361 2907 529 2965 actionibus
563 2907 610 2965 vel
640 2908 778 2967 Socrates
811 2906 922 2966 indicat
959 2904 1039 2983 apud
1073 2907 1245 2980 Platonem,
1279 2924 1343 2965 eum

215 3024 282 3066 eam
314 3026 402 3084 qnam
435 3008 601 3067 detestatur
628 3027 744 3068 reorum
770 3009 913 3069 rationem
938 3009 1040 3069 iisdem
1064 3010 1163 3069 verbis
1186 3008 1346 3085 describat,

216 3109 329 3187 quibus
352 3110 471 3170 tabulae
495 3110 736 3186 significantur-e)
782 3111 867 3185 Quae
883 3130 948 3171 cum
973 3112 1014 3171 ita
1037 3113 1105 3189 sint,
1128 3130 1186 3172 uon
1211 3113 1343 3188 ineptum

215 3217 264 3273 eat
295 3213 432 3273 conicere
465 3213 638 3291 Euripidem
670 3232 707 3274 ex
738 3215 793 3273 bae
823 3213 1040 3274 consuetudine
1071 3214 1227 3274 artificium
1257 3232 1343 3274 suum

311 3412 331 3479 ¹)
349 3408 385 3464 el.
403 3412 450 3464 Ar.
468 3416 599 3466 rantib:
629 3413 723 3465 οἰκεῖα
742 3407 888 3480 πράγματ’
908 3407 1041 3481 εἰσάγων,
1068 3402 1111 3477 οἷς
1134 3408 1274 3482 χρώμεθ’,
1301 3403 1345 3476 οἷς

216 3490 370 3561 ξύνεσμεν.

304 3584 328 3648 ¹)
348 3579 383 3634 el.
395 3581 441 3635 Ar.
456 3597 510 3636 ran.
527 3587 590 3636 1043
602 3598 657 3651 sep:
677 3583 790 3637 AIEX:
809 3577 869 3636 ἀλλ’
882 3577 916 3638 ου’
927 3579 968 3649 μὰ
980 3583 1021 3637 Δί’
1034 3575 1068 3638 οὐ
1083 3584 1209 3652 Φαίδρας
1223 3577 1343 3638 ἐποίουν

214 3660 328 3737 πόρνας
341 3659 406 3722 οὐδὲ
423 3664 612 3738 Σθενεβοίας,
625 3662 684 3721 οὔδ’
697 3659 749 3721 οἶδ’
762 3662 855 3733 ου’δείς
869 3661 954 3737 ἥντιν’
967 3662 1083 3738 ἐρῶσαν
1094 3664 1206 3722 πώποτ’
1220 3663 1343 3736 ἐποίησα

214 3758 349 3822 γυναῖκα.

305 3840 327 3904 ³)
345 3837 379 3891 et.
392 3835 440 3890 Ar.
454 3836 522 3890 Ach.
536 3842 599 3904 4133
618 3853 676 3905 pac.
693 3844 739 3892 ras
751 3855 826 3908 sqq.;
844 3855 901 3894 rau.
916 3844 980 3893 1063
991 3856 1045 3908 sq.:
1069 3844 1186 3908 πρῶτον
1203 3837 1259 3905 μὲν
1277 3835 1344 3903 τοὺς

212 3917 425 3993 βασιλεύοντας
437 3917 513 3990 ῥάκι’
524 3916 684 3991 α’μπιοχοίν,
696 3917 731 3976 ’ίν’
742 3918 847 3979 ἐλεινοὶ
858 3931 916 3988 τοῖς
927 3919 1094 3994 ἀνθρώποις
1103 3922 1243 3992 φαίνοιντ’
1260 3915 1342 3978 εἶναι.

304 4013 324 4071 ⁴)
343 4007 397 4062 vid.
411 4024 456 4060 vv.
470 4013 518 4061 508
529 4023 588 4076 sqq.
609 4008 669 4073 Quo
688 4025 722 4063 ex
736 4008 797 4063 loeo
816 4009 898 4064 etiam
918 4010 970 4064 hoc
988 4010 1109 4079 perspici
1127 4016 1228 4079 potest,
1247 4010 1342 4078 quanti

212 4093 405 4148 Athenienses
424 4091 539 4147 fecerint
561 4094 638 4146 vocis
661 4093 773 4161 puerilis
792 4095 970 4160 suavitatem,
989 4095 1026 4149 ita
1044 4100 1074 4149 ot
1092 4095 1145 4150 hoc
1171 4111 1282 4164 quoque
1306 4111 1341 4149 ex

212 4178 319 4234 iudicio
337 4178 494 4246 Euripidem
516 4178 722 4247 deprompsisse
742 4178 820 4235 tacite
838 4181 1000 4249 suspiceris:
1019 4177 1047 4234 εί
1061 4178 1117 4247 μὲν
1132 4178 1243 4250 χαίρεις
1255 4173 1342 4249 ἄρνας

212 4268 309 4335 φωνῇ,
327 4259 429 4318 παιδὸς
447 4259 545 4332 φωνὴν
564 4255 700 4332 ἐλεήσας.

304 4351 325 4418 ⁸)
343 4349 409 4404 Plat
424 4348 508 4418 Apol.
521 4349 596 4404 Soer.
610 4365 638 4417 p.
651 4353 691 4417 35,
704 4350 736 4403 Β.
