3104 5198
325 394 388 452 290

325 561 362 622 ab
379 561 523 638 Euripide
539 560 659 642 quidem
675 561 746 623 inde
768 563 805 622 ab
829 580 908 623 anno
932 563 1051 623 circiter
1065 566 1129 625 430
1151 562 1286 623 adhiberi
1310 567 1449 639 coeptum

324 681 391 724 esse
407 662 531 724 ridetur.
576 661 724 742 Occurrit,
747 669 778 725 ut
795 665 911 743 opinor,
927 666 957 725 in
973 665 1118 743 Thyesta,
1132 664 1259 726 tortasse
1274 666 1305 724 in
1320 665 1450 743 Theseo,

325 766 354 826 in
378 767 555 839 Heraclidis,
587 768 727 846 Hercule,
755 768 956 846 Supplicibus.
1000 769 1101 830 Simile
1123 768 1261 845 quiddam
1285 769 1450 846 Sophocles

323 869 355 930 in
377 868 493 948 Oedipo
523 889 595 947 rege
623 869 716 931 fiuxit.
760 870 826 945 Qua
856 889 922 932 cum
944 877 1009 932 arte
1030 872 1113 932 aliud
1135 871 1289 932 artificium
1314 872 1450 948 proxime

325 973 480 1034 cohaeret:
503 973 560 1033 hoc
582 973 662 1051 dico,
685 969 857 1051 Euripidem
881 974 1017 1034 minimos
1039 980 1112 1034 natu
1135 993 1201 1034 cum
1226 975 1369 1051 maximis,
1391 973 1408 1033 i.
1425 992 1451 1034 e.

323 1076 445 1136 senibus
466 1082 562 1137 aetate
585 1076 642 1136 iam
667 1076 829 1154 decrepita,
852 1095 941 1154 saepe
971 1076 1163 1137 coniunxisse
1194 1095 1290 1153 eaque
1313 1076 1451 1153 imagine,

324 1197 385 1256 qua
400 1180 480 1239 vilse
502 1179 649 1239 hnmanae
673 1177 747 1239 fines
762 1179 920 1240 artificiose
937 1181 1124 1240 consociatos
1140 1179 1322 1256 ostenderet,
1344 1179 1451 1239 callide

325 1282 475 1342 studuisse
505 1283 705 1359 spectantium
736 1300 843 1343 sensus
870 1302 991 1344 movere
1014 1287 1105 1361 atque
1127 1281 1183 1342 sibi
1214 1282 1384 1342 conciliare.
1408 1312 1450 1321 -

326 1382 394 1456 Sed,
427 1389 492 1446 utut
527 1386 584 1446 hoc
612 1390 666 1457 est,
697 1387 746 1444 vix
776 1403 852 1464 opus
882 1390 927 1446 est
949 1385 1156 1447 demonstrare
1179 1390 1284 1462 poetas
1306 1386 1394 1445 etiam
1418 1383 1449 1443 in

327 1487 362 1547 iis
392 1486 517 1561 sabulis,
548 1488 577 1547 in
608 1487 717 1565 quibus
747 1488 832 1565 pueri
864 1489 958 1549 minus
988 1487 1073 1548 firmo
1095 1493 1126 1549 et
1147 1492 1212 1548 arto
1235 1506 1302 1548 cum
1325 1487 1451 1565 propria

326 1591 444 1651 actione
460 1590 580 1651 vinculo
601 1592 752 1651 coniuncti
773 1609 840 1652 esse
862 1591 1015 1668 videntur,
1036 1596 1121 1652 lauta
1135 1595 1200 1651 arte
1223 1608 1326 1651 eorum
1349 1593 1452 1666 partes

327 1694 544 1771 composuisse,
574 1697 608 1754 ut
638 1693 689 1754 vix
719 1711 775 1755 nos
803 1695 839 1754 iis
870 1713 951 1754 nunc
980 1712 1084 1755 carere
1113 1695 1248 1755 velimus.
1300 1691 1452 1753 itiusmodi

327 1796 445 1856 tabulas
468 1796 521 1855 has
544 1797 596 1856 tibi
619 1815 765 1874 propono.

412 1900 543 1958 Primum
560 1901 589 1960 in
606 1899 793 1960 Alcestide
808 1918 880 1960 sane
895 1898 1067 1961 laudandus
1082 1904 1128 1960 est
1141 1905 1239 1977 poeta,
1253 1898 1334 1976 quod
1350 1917 1451 1960 coram

330 2001 431 2062 liberis
454 2002 611 2063 Admetum
636 2001 780 2063 Alcestidi
805 2002 1027 2079 promittentem
1051 2002 1122 2062 fecit
1145 2020 1177 2062 se
1200 2020 1301 2062 eorum
1325 2003 1451 2062 tutelam

328 2109 550 2180 suscepturum
574 2105 616 2164 ita
638 2105 716 2165 euim
739 2122 812 2165 sane
835 2123 974 2181 magnum
999 2104 1026 2164 ei
1049 2104 1158 2164 actioni
1181 2104 1315 2180 vigorem
1338 2102 1453 2163 tribuit:

327 2224 499 2283 quanquam
528 2207 570 2266 ita
599 2224 720 2284 quoque
750 2224 786 2267 ca
815 2224 925 2268 scaena
954 2206 1079 2283 cogitari
1109 2205 1210 2282 possit,
1240 2209 1274 2266 ut
1303 2205 1388 2265 liberi
1421 2206 1451 2264 in

328 2307 416 2370 domo
444 2315 633 2369 remanentes
661 2314 928 2370 commemorentur
952 2308 1048 2386 modo,
1077 2309 1196 2385 qualern
1220 2307 1347 2369 fortasse
1369 2325 1452 2368 seae-

328 2429 395 2471 nam
419 2411 612 2488 Phrynichus
640 2411 670 2471 iu
700 2429 756 2471 sua
778 2411 932 2472 Alcestide
954 2410 1054 2489 fiuxit,
1082 2411 1228 2488 siquidem
1259 2415 1320 2471 tum
1350 2410 1453 2488 pneris

328 2514 357 2572 iu
373 2531 484 2574 scaena
506 2512 637 2574 nondum
660 2518 726 2575 erat
747 2513 838 2574 locus.
870 2513 1041 2576 ·Oontraria
1063 2513 1188 2575 fortasse
1210 2513 1267 2574 fuit
1289 2530 1452 2590 puerorum

327 2616 357 2674 in
374 2617 574 2694 Hippolyto
598 2634 615 2674 a
638 2616 697 2676 vis:
720 2635 788 2676 nam
813 2620 846 2677 ut
868 2616 910 2676 illi
935 2616 973 2676 ad
996 2616 1095 2694 fidem,
1116 2618 1157 2676 its
1180 2618 1209 2676 hi
1232 2617 1270 2675 ad
1293 2614 1451 2693 perfidiam

329 2719 431 2778 matris
469 2718 753 2795 repraesentandam
786 2719 909 2780 adhibiti
949 2725 1026 2780 suut
1079 2720 1136 2794 Qui
1167 2737 1232 2779 cum
1265 2718 1302 2778 ud
1332 2717 1452 2778 tabulae

328 2839 519 2898 progressum
552 2822 622 2881 novi
644 2823 694 2881 rix
724 2823 884 2899 quicquam
910 2823 1060 2899 afferrent,
1090 2828 1188 2882 tamen
1213 2839 1314 2882 eorum
1340 2821 1453 2880 auxilio

328 2927 418 3000 poeta
448 2940 521 2982 sane
548 2922 657 2983 vividis
688 2923 835 2983 coloribus
866 2923 964 3000 potuit
994 2923 1150 2998 imaginem
1173 2939 1255 2982 susm
1279 2921 1453 2999 depingere

328 3026 465 3102 Denique
481 3043 535 3084 eur
549 3024 761 3102 Supplicem
785 3044 908 3101 pueros,
932 3026 983 3102 qui
1007 3025 1062 3086 nisi
1085 3026 1331 3099 lamentarentur,
1354 3026 1382 3084 in
1407 3022 1450 3082 ta·

328 3127 416 3188 bulae
432 3144 549 3187 conexu
573 3126 637 3187 lere
653 3129 870 3204 supervacanei
887 3128 1071 3204 viderentur,
1093 3132 1184 3205 poeta
1205 3126 1367 3198 induxerit,
1390 3133 1452 3187 tum

329 3231 418 3306 plane
440 3230 658 3307 intellegemus,
680 3249 747 3290 cum
771 3230 892 3291 fabulae
914 3248 1018 3289 veram
1041 3230 1186 3291 rationem
1210 3237 1300 3307 atque
1323 3228 1452 3289 indolem

328 3333 583 3409 perspexerimus,
615 3333 730 3393 scilicet
753 3333 923 3410 Euripides,
954 3338 987 3392 nt
1016 3334 1137 3393 omuino
1168 3351 1232 3392 eam
1262 3332 1389 3392 fabulam
1413 3331 1452 3390 sd

329 3434 596 3496 commendandum
626 3434 732 3495 foedus
755 3435 937 3512 Argivorum
965 3440 1057 3512 atque
1087 3435 1189 3495 hostes
1218 3435 1453 3505 Atheniensium,

329 3555 370 3597 sc
392 3538 561 3609 Thebanos,
591 3538 783 3614 castigandos
813 3537 992 3615 composuit,
1023 3539 1065 3597 ita
1094 3539 1194 3614 pueris
1224 3556 1344 3614 quoque
1374 3537 1454 3596 calli·

330 3640 449 3701 dissime
472 3658 544 3700 usus
566 3645 612 3700 est
634 3640 672 3699 ad
687 3641 860 3700 Thebarum
883 3642 1005 3701 exitium
1030 3640 1255 3717 designandum.
1279 3670 1320 3681 —
1344 3640 1405 3699 iam
1428 3640 1453 3699 si

329 3742 552 3819 Sophoclcas
577 3742 694 3803 tabulas
710 3744 956 3819 contemplamur,
981 3744 1201 3819 Eurysacen
1223 3742 1359 3803 videmus
1381 3760 1454 3801 sane

330 3846 394 3905 lere
411 3845 483 3905 nihil
498 3846 606 3905 afferre
621 3845 658 3905 ad
675 3845 794 3906 tabulae
808 3860 1014 3923 progressum
1031 3851 1128 3906 tamen
1145 3847 1267 3922 egregia
1282 3849 1388 3922 poetae
1404 3862 1454 3903 ars

330 3949 360 4007 iu
377 3966 413 4007 eo
429 3949 572 4025 cernitur,
593 3948 672 4024 quod
689 3949 745 4007 hae
767 3966 826 4008 una
848 3949 934 4026 pueri
958 3947 1131 4026 praesentia
1153 3949 1260 4024 effecit,
1284 3953 1316 4008 ut
1331 3948 1453 4007 Aiacem

331 4069 389 4110 non
414 4049 508 4110 solum
541 4054 574 4109 nt
596 4051 691 4110 virum
714 4051 820 4111 fortem
844 4051 951 4111 durum
974 4055 1101 4126 trucem,
1131 4049 1184 4110 sed
1214 4050 1301 4110 etiam
1326 4051 1454 4109 humane

329 4154 505 4213 sentientem
537 4152 723 4230 depingeret,
753 4154 855 4230 itaque
885 4154 914 4212 id
945 4158 1173 4230 assequeretur,
1203 4157 1236 4211 ut
1265 4152 1315 4212 ille
1345 4151 1454 4212 acerbe

330 4256 446 4333 patiens
463 4256 550 4314 heros
567 4261 685 4315 nostros
701 4273 821 4332 quoquo
837 4257 951 4315 animos
966 4260 1107 4315 moveret
1151 4254 1231 4314 Scite
1253 4255 1331 4314 enim
1352 4271 1452 4313 coram

330 4375 424 4435 puero
453 4361 569 4417 tantum
600 4374 667 4416 eum
699 4357 818 4417 intimas
848 4357 937 4417 animi
967 4357 1164 4434 cogitationes
1185 4356 1341 4417 effundere
1361 4355 1457 4434 iussit,
